@IEEEtranBSTCTL{IEEEexample:BSTcontrol,
  CTLname_url_prefix = "\par [Online]. Available:",
}

@article{albers2014nash,
  title={On Nash equilibria for a network creation game},
  author={Albers, Susanne and Eilts, Stefan and Even-Dar, Eyal and Mansour, Yishay and Roditty, Liam},
  journal={ACM Transactions on Economics and Computation},
  volume={2},
  number={1},
  pages={2},
  year={2014},
  publisher={ACM}
}

@misc{khabbazian2019outpost,
    author = {Majid Khabbazian and Tejaswi Nadahalli and Roger Wattenhofer },
    title = {Outpost: A Responsive Lightweight Watchtower},
    howpublished = {Cryptology ePrint Archive, Report 2019/986},
    year = {2019},
    note = {\url{https://eprint.iacr.org/2019/986}},
}

@misc{avarikioti2019brick,
    title={Brick: Asynchronous State Channels},
    author={Georgia Avarikioti and Eleftherios Kokoris Kogias and Roger Wattenhofer},
    year={2019},
    howpublished = {arXiv preprint: 1905.11360},
}

@article{anshelevich2008price,
  title={The price of stability for network design with fair cost allocation},
  author={Anshelevich, Elliot and Dasgupta, Anirban and Kleinberg, Jon and Tardos, Eva and Wexler, Tom and Roughgarden, Tim},
  journal={SIAM Journal on Computing},
  volume={38},
  number={4},
  pages={1602--1623},
  year={2008},
  publisher={SIAM}
}

@article{bei2011bounded,
  title={Bounded budget betweenness centrality game for strategic network formations},
  author={Bei, Xiaohui and Chen, Wei and Teng, Shang-Hua and Zhang, Jialin and Zhu, Jiajie},
  journal={Theoretical Computer Science},
  volume={412},
  number={52},
  pages={7147--7168},
  year={2011},
  publisher={Elsevier}
}

@inproceedings{moscibroda2006topologies,
  title={On the topologies formed by selfish peers},
  author={Moscibroda, Thomas and Schmid, Stefan and Wattenhofer, Rogert},
  booktitle={Proceedings of the twenty-fifth annual ACM symposium on Principles of distributed computing},
  pages={133--142},
  year={2006},
  organization={ACM}
}
@techreport{buechel2008dynamics,
  title={The dynamics of closeness and betweenness},
  author={Buechel, Berno and Buskens, Vincent},
  year={2008},
  institution={Working Papers}
}

@article{alvarez2016celebrity,
  title={Celebrity games},
  author={{\`A}lvarez, Carme and Blesa, Maria J and Duch, Amalia and Messegu{\'e}, Arnau and Serna, Maria},
  journal={Theoretical Computer Science},
  volume={648},
  pages={56--71},
  year={2016},
  publisher={Elsevier}
}

@inproceedings{demaine2007price,
  title={The price of anarchy in network creation games},
  author={Demaine, Erik D and Hajiaghayi, MohammadTaghi and Mahini, Hamid and Zadimoghaddam, Morteza},
  booktitle={Proceedings of the twenty-sixth annual ACM symposium on Principles of distributed computing},
  pages={292--298},
  year={2007},
  organization={ACM}
}

@article{ehsani2015bounded,
  title={A bounded budget network creation game},
  author={Ehsani, Shayan and Fadaee, Saber Shokat and Fazli, MohammadAmin and Mehrabian, Abbas and Sadeghabad, Sina Sadeghian and Safari, Mohammadali and Saghafian, Morteza},
  journal={ACM Transactions on Algorithms (TALG)},
  volume={11},
  number={4},
  pages={34},
  year={2015},
  publisher={ACM}
}


@misc{vansaberhagen2013cryptonote,
  title="CryptoNote v 2.0",
  author="Van Saberhagen, Nicolas",
  year="2013"
}
@article{hopwood2016zcash,
  title="Zcash protocol specification",
  author="Hopwood, Daira and Bowe, Sean and Hornby, Taylor and Wilcox, Nathan",
  journal="Tech. rep. 2016--1.10. Zerocoin Electric Coin Company, Tech. Rep.",
  year="2016"
}

@inproceedings{bamert2013have,
  title={Have a snack, pay with Bitcoins},
  author={Bamert, Tobias and Decker, Christian and Elsen, Lennart and Wattenhofer, Roger and Welten, Samuel},
  booktitle={IEEE P2P 2013 Proceedings},
  pages={1--5},
  year={2013},
  organization={IEEE}
}

@inproceedings{kiayias2017ouroboros,
  title={Ouroboros: A provably secure proof-of-stake blockchain protocol},
  author={Kiayias, Aggelos and Russell, Alexander and David, Bernardo and Oliynykov, Roman},
  booktitle={Annual International Cryptology Conference},
  pages={357--388},
  year={2017},
  organization={Springer}
}

@inproceedings{gilad2017algorand,
  title={Algorand: Scaling byzantine agreements for cryptocurrencies},
  author={Gilad, Yossi and Hemo, Rotem and Micali, Silvio and Vlachos, Georgios and Zeldovich, Nickolai},
  booktitle={Proceedings of the 26th Symposium on Operating Systems Principles},
  pages={51--68},
  year={2017},
  organization={ACM}
}

@misc{scale,
 title = "Understanding Payment Channels",
 url = "https://blog.chainside.net/understanding-payment-channels-4ab018be79d4", 
 note = "Accessed: 2019-06-08"
}



@misc{marketcap,
 title = "Prices of all cryptocurrencies",
 url = "https://coinranking.com", 
 note = "Accessed: 2019-06-08"
}

@misc{simulation,
 title = "Micropayment Channels Network Creation Game Simulation",
 url = "https://gitlab.ethz.ch/hlioba/micropayment-channels-network-creation-game-simulation", 
 note = "Accessed: 2019-06-19"
}


@misc{visa2,
 title = "Visa Fact Sheet",
 url = "https://usa.visa.com/dam/VCOM/download/corporate/media/visanet-technology/aboutvisafactsheet.pdf", 
 note = "Accessed: 2019-06-08"
}


@misc{bitcoinwiki:htlcs,
 title = "Hash Time Locked Contracts",
 url = "https://en.bitcoin.it/wiki/Hash_Time_Locked_Contracts", 
 note = "Accessed: 2019-06-28"
}

@inproceedings{green2017bolt,
  title={Bolt: Anonymous payment channels for decentralized currencies},
  author={Green, Matthew and Miers, Ian},
  booktitle={Proceedings of the 2017 ACM SIGSAC Conference on Computer and Communications Security},
  pages={473--489},
  year={2017},
  organization={ACM}
}
@article{freeman1978centrality,
  title={Centrality in social networks conceptual clarification},
  author={Freeman, Linton C},
  journal={Social networks},
  volume={1},
  number={3},
  pages={215--239},
  year={1978},
  publisher={North-Holland}
}
@inproceedings{koutsoupias1999worst,
  title={Worst-case equilibria},
  author={Koutsoupias, Elias and Papadimitriou, Christos},
  booktitle={Annual Symposium on Theoretical Aspects of Computer Science},
  pages={404--413},
  year={1999},
  organization={Springer}
}


@InProceedings{fabrikant2003on,
 author = "Fabrikant, Alex and Luthra, Ankur and Maneva, Elitza and Papadimitriou, Christos H. and Shenker, Scott",
 title = "On a Network Creation Game",
 booktitle = "Proceedings of the Twenty-second Annual Symposium on Principles of Distributed Computing",
 month = jul,
 year = 2003
}

@InProceedings{DW2015channels,
	author="Decker, Christian
	and Wattenhofer, Roger",
	editor="Pelc, Andrzej
	and Schwarzmann, Alexander A.",
	title="A Fast and Scalable Payment Network with Bitcoin Duplex Micropayment Channels",
	booktitle="Stabilization, Safety, and Security of Distributed Systems",
	year="2015",
	publisher="Springer International Publishing",
	address="Cham",
	pages="3--18",
	isbn="978-3-319-21741-3"
}

@InProceedings{Burchert2017scalable,
	author=	{Conrad Burchert and Christian Decker and Roger Wattenhofer},
	title=	{{Scalable Funding of Bitcoin Micropayment Channel Networks}},
	booktitle=	{{19th International Symposium on Stabilization, Safety, and Security of Distributed Systems (SSS), Boston, Massachusetts, USA}},
	month=	{November},
	year=	{2017},
}

@article{mccorry2018pisa,
  title={Pisa: Arbitration Outsourcing for State Channels.},
  author={McCorry, Patrick and Bakshi, Surya and Bentov, Iddo and Miller, Andrew and Meiklejohn, Sarah},
  journal={IACR Cryptology ePrint Archive},
  volume={2018},
  pages={582},
  year={2018}
}

@inproceedings{lvarez2007the,
  title={The betweenness centrality of a graph},
  author={Silvia Gago {\'A}lvarez},
  year={2007}
}

@article{entringer1976distance,
  title={Distance in graphs},
  author={Entringer, Roger C and Jackson, Douglas E and Snyder, DA},
  journal={Czechoslovak Mathematical Journal},
  volume={26},
  number={2},
  pages={283--296},
  year={1976},
  publisher={Institute of Mathematics, Academy of Sciences of the Czech Republic}
}


@inproceedings{sompolinsky2015ghost,
  title={Secure high-rate transaction processing in bitcoin},
  author={Sompolinsky, Yonatan and Zohar, Aviv},
  booktitle={International Conference on Financial Cryptography and Data Security},
  pages={507--527},
  year={2015},
  organization={Springer}
}

@article{sompolinsky2016spectre,
  title={SPECTRE: A Fast and Scalable Cryptocurrency Protocol.},
  author={Sompolinsky, Yonatan and Lewenberg, Yoad and Zohar, Aviv},
  journal={IACR Cryptology ePrint Archive},
  volume={2016},
  pages={1159},
  year={2016}
}

@inproceedings{lewenberg2015inclusive,
  title={Inclusive block chain protocols},
  author={Lewenberg, Yoad and Sompolinsky, Yonatan and Zohar, Aviv},
  booktitle={International Conference on Financial Cryptography and Data Security},
  pages={528--547},
  year={2015},
  organization={Springer}
}

@article{miller2015btctopology,
  title={Discovering bitcoinâ€™s public topology and influential nodes},
  author={Miller, Andrew and Litton, James and Pachulski, Andrew and Gupta, Neal and Levin, Dave and Spring, Neil and Bhattacharjee, Bobby}
}

@article{delgado2018txprobe,
  title={TxProbe: Discovering Bitcoin's Network Topology Using Orphan Transactions},
  author={Delgado-Segura, Sergi and Bakshi, Surya and P{\'e}rez-Sol{\`a}, Cristina and Litton, James and Pachulski, Andrew and Miller, Andrew and Bhattacharjee, Bobby},
  journal={arXiv preprint arXiv:1812.00942},
  year={2018}
}

@article{sompolinsky2018phantom,
  title={PHANTOM: A Scalable BlockDAG Protocol.},
  author={Sompolinsky, Yonatan and Zohar, Aviv},
  journal={IACR Cryptology ePrint Archive},
  volume={2018},
  pages={104},
  year={2018}
}

@inproceedings{eyal2016bitcoinng,
  title={Bitcoin-ng: A scalable blockchain protocol},
  author={Eyal, Ittay and Gencer, Adem Efe and Sirer, Emin G{\"u}n and Van Renesse, Robbert},
  booktitle={13th $\{$USENIX$\}$ Symposium on Networked Systems Design and Implementation ($\{$NSDI$\}$ 16)},
  pages={45--59},
  year={2016}
}

@inproceedings{heilman2017tumblebit,
  title={Tumblebit: An untrusted bitcoin-compatible anonymous payment hub},
  author={Heilman, Ethan and Alshenibr, Leen and Baldimtsi, Foteini and Scafuro, Alessandra and Goldberg, Sharon},
  booktitle={Network and Distributed System Security Symposium},
  year={2017}
}

@misc{khalil2018nocust,
    author = {Rami Khalil and Arthur Gervais and Guillaume Felley},
    title = {NOCUST - A Securely Scalable Commit-Chain},
    howpublished = {Cryptology ePrint Archive, Report 2018/642},
    year = {2018},
    note = {\url{https://eprint.iacr.org/2018/642}},
}

@misc{coleman2018counterfactual,
  title={Counterfactual: Generalized state channels},
  author={Coleman, Jeff and Horne, Liam and Xuanji, Li},
  year={2018}
}

@misc{spilman2013channels,
  title = {Anti DoS for tx replacement},
  author = {Jeremy Spilman},
  howpublished = {\url{https://lists.linuxfoundation.org/pipermail/bitcoin-dev/2013-April/002433.html}},
  note = {Accessed: 2019-04-17}
}

@inproceedings{feldman1987practical,
  title={A practical scheme for non-interactive verifiable secret sharing},
  author={Feldman, Paul},
  booktitle={28th Annual Symposium on Foundations of Computer Science (sfcs 1987)},
  pages={427--438},
  year={1987},
  organization={IEEE}
}

@inproceedings{mazieres2002building,
  title={Building secure file systems out of Byzantine storage},
  author={Mazieres, David and Shasha, Dennis},
  booktitle={Proceedings of the twenty-first annual symposium on Principles of distributed computing},
  pages={108--117},
  year={2002},
  organization={ACM}
}

@inproceedings{chor1985verifiable,
  title={Verifiable secret sharing and achieving simultaneity in the presence of faults},
  author={Chor, Benny and Goldwasser, Shafi and Micali, Silvio and Awerbuch, Baruch},
  booktitle={26th Annual Symposium on Foundations of Computer Science (sfcs 1985)},
  pages={383--395},
  year={1985},
  organization={IEEE}
}


@misc{spillman-contract,
  title = {Bitcoin Contracts},
  howpublished = {\url{https://en.bitcoin.it/wiki/Contract}},
  note = {Accessed: 2018-09-18}
}

@misc{lightning-stats,
  title = {Real-Time Lightning Network Statistics},
  howpublished = {\url{https://1ml.com/statistics}},
  note = {Accessed: 2019-09-17}
}


@misc{shitcoin,
  title = {Merge Blocks},
  howpublished = {\url{https://medium.com/andreas-tries-blockchain/bitcoin-lightning-network-2-we-must-first-become-the-lightning-network-49c46953c1d7}},
  note = {Accessed: 2018-07-27}
}


@techreport{dziembowski2017perun,
  title={PERUN: Virtual Payment Hubs over Cryptographic Currencies},
  author={Dziembowski, Stefan and Eckey, Lisa and Faust, Sebastian and Malinowski, Daniel},
  year={2017},
  institution={IACR Cryptology ePrint Archive 2017}
}

@techreport{fischer82impossibility,
  title={Impossibility of distributed consensus with one faulty process.},
  author={Fischer, Michael J and Lynch, Nancy A and Paterson, Michael S},
  year={1982},
  institution={MASSACHUSETTS INST OF TECH CAMBRIDGE LAB FOR COMPUTER SCIENCE}
}


@misc{watchtowers,
  title = {{Bitcoin Lightning fraud? Laolu is building a watchtower to fight it}},
  howpublished = {\url{https://www.coindesk.com/laolu-building-watchtower-fight-bitcoin-lightning-fraud}},
  note = {Accessed: 2018-06-29}
}

@misc{bip68,
  title = {{BIP68}},
  howpublished = {\url{https://github.com/bitcoin/bips/blob/master/bip-0068.mediawiki}},
  note = {Accessed: 2019-11-19}
}

@misc{bip65,
  title = {{BIP65}},
  howpublished = {\url{https://github.com/bitcoin/bips/blob/master/bip-0065.mediawiki}},
  note = {Accessed: 2019-11-19}
}




@InProceedings{channelnetworks,
	author="McCorry, Patrick
	and M{\"o}ser, Malte
	and Shahandasti, Siamak F.
	and Hao, Feng",
	editor="Liu, Joseph K.
	and Steinfeld, Ron",
	title="Towards Bitcoin Payment Networks",
	booktitle="Information Security and Privacy",
	year="2016",
	publisher="Springer International Publishing",
	address="Cham",
	pages="57--76",
	isbn="978-3-319-40253-6"
}

@inproceedings{malavolta2017concurrency,
	title={Concurrency and privacy with payment-channel networks},
	author={Malavolta, Giulio and Moreno-Sanchez, Pedro and Kate, Aniket and Maffei, Matteo and Ravi, Srivatsan},
	booktitle={Proceedings of the 2017 ACM SIGSAC Conference on Computer and Communications Security},
	pages={455--471},
	year={2017},
	organization={ACM}
}


@article{poon2015lightning,
	title={The Bitcoin lightning network: Scalable off-chain instant payments},
	author={Poon, Joseph and Dryja, Thaddeus},
	year={2015},
    \url={https://lightning.network}
}



@inproceedings{eyal2016bitcoin,
	title={Bitcoin-NG: A Scalable Blockchain Protocol.},
	author={Eyal, Ittay and Gencer, Adem Efe and Sirer, Emin G{\"u}n and Van Renesse, Robbert},
	booktitle={NSDI},
	pages={45--59},
	year={2016}
}

@article{kokoris2017omniledger,
	title={OmniLedger: A Secure, Scale-Out, Decentralized Ledger via Sharding},
	author={Kokoris-Kogias, Eleftherios and Jovanovic, Philipp and Gasser, Linus and Gailly, Nicolas and Syta, Ewa and Ford, Bryan},
	year={2017}
}

@inproceedings{gervais2016security,
	title={On the security and performance of proof of work blockchains},
	author={Gervais, Arthur and Karame, Ghassan O and W{\"u}st, Karl and Glykantzis, Vasileios and Ritzdorf, Hubert and Capkun, Srdjan},
	booktitle={Proceedings of the 2016 ACM SIGSAC Conference on Computer and Communications Security},
	pages={3--16},
	year={2016},
	organization={ACM}
}

@inproceedings{sompolinsky2015secure,
	title={Secure high-rate transaction processing in bitcoin},
	author={Sompolinsky, Yonatan and Zohar, Aviv},
	booktitle={International Conference on Financial Cryptography and Data Security},
	pages={507--527},
	year={2015},
	organization={Springer}
}

@inproceedings{luu2016secure,
	title={A secure sharding protocol for open blockchains},
	author={Luu, Loi and Narayanan, Viswesh and Zheng, Chaodong and Baweja, Kunal and Gilbert, Seth and Saxena, Prateek},
	booktitle={Proceedings of the 2016 ACM SIGSAC Conference on Computer and Communications Security},
	pages={17--30},
	year={2016},
	organization={ACM}
}

@article{deckereltoo,
  title={eltoo: A Simple Layer2 Protocol for Bitcoin},
  author={Decker, Christian and Russell, Rusty and Osuntokun, Olaoluwa}
}

@article{avarikioti2018watchtowers,
  title={Towards Secure and Efficient Payment Channels},
  author={Avarikioti, Georgia and Laufenberg, Felix and Sliwinski, Jakub and Wang, Yuyi and Wattenhofer, Roger}
}




@InProceedings{Avarikioti2018algorithmic,
	author=	{Georgia Avarikioti and Yuyi Wang and Roger Wattenhofer},
	title=	{{Algorithmic Channel Design}},
	booktitle=	{{29th International Symposium on Algorithms and Computation (ISAAC), Jiaoxi, Yilan County, Taiwan}},
	month=	{December},
	year=	{2018},
}

@InProceedings{Avarikioti2018payment,
	author=	{Georgia Avarikioti and Gerrit Janssen and Yuyi Wang and Roger Wattenhofer},
	title=	{{Payment Network Design with Fees}},
	booktitle=	{{2nd International Workshop on Cryptocurrencies and Blockchain Technology (CBT), Barcelona, Spain}},
	month=	{September},
	year=	{2018},
}


@inproceedings{eyal2016bitcoin,
	title={Bitcoin-NG: A Scalable Blockchain Protocol.},
	author={Eyal, Ittay and Gencer, Adem Efe and Sirer, Emin G{\"u}n and Van Renesse, Robbert},
	booktitle={NSDI},
	pages={45--59},
	year={2016}
}

@inproceedings{luu2016sharding,
	title={A secure sharding protocol for open blockchains},
	author={Luu, Loi and Narayanan, Viswesh and Zheng, Chaodong and Baweja, Kunal and Gilbert, Seth and Saxena, Prateek},
	booktitle={Proceedings of the 2016 ACM SIGSAC Conference on Computer and Communications Security},
	pages={17--30},
	year={2016},
	organization={ACM}
}

@article{wust2019prcash,
  author    = {Karl W{\"{u}}st and
               Kari Kostiainen and
               Vedran Capkun and
               Srdjan Capkun},
  title     = {PRCash: Centrally-Issued Digital Currency with Privacy and Regulation},
  journal={Financial Cryptography and Data Security}, 
  year      = {2019},
 }

@article{dryja2016monitors,
	title={Unlinkable Outsourced Channel Monitoring},
	author={Tadge Dryja},
    url={https://youtu.be/Gzg_u9gHc5Q}
}

@article{szabo1997formalizing,
  title={Formalizing and securing relationships on public networks},
  author={Szabo, Nick},
  journal={First Monday},
  volume={2},
  number={9},
  year={1997}
}


@article{wood2014ethereum,
  title={Ethereum: A secure decentralised generalised transaction ledger},
  author={Wood, Gavin and others},
  year={2014}
}

@misc{celer2018,
  title={Celer Network: Bring Internet Scale to Every Blockchain},
  author={{ScaleSphere Foundation Ltd.}},
  howpublished = {\url{https://www.celer.network/doc/CelerNetwork-Whitepaper.pdf}},
  note = {Accessed: 2019-05-08}
}

@misc{miller2013feather,
  title={ Feather-forks: enforcing a blacklist with sub-50\% hash
power},
  author={Andrew Miller},
  howpublished = {\url{https://bitcointalk.org/index.php?topic=312668.0}},
  year = {2013}
}

@article{raiden2017,
	title={Raiden network},
	author={},
	year={2017},
    \url={http://raiden.network/}
}

@inproceedings{croman2016scaling,
	title={On scaling decentralized blockchains},
	author={Croman, Kyle and Decker, Christian and Eyal, Ittay and Gencer, Adem Efe and Juels, Ari and Kosba, Ahmed and Miller, Andrew and Saxena, Prateek and Shi, Elaine and Sirer, Emin G{\"u}n and Song, Dawn and Wattenhofer, Roger},
	booktitle={International Conference on Financial Cryptography and Data Security},
	pages={106--125},
	year={2016},
	organization={Springer}
}

@article{nakamoto2008bitcoin,
	title={Bitcoin: A peer-to-peer electronic cash system},
	author={Nakamoto, Satoshi},
	year={2008}
}

@inproceedings{corbo2005price,
  title={The price of selfish behavior in bilateral network formation},
  author={Corbo, Jacomo and Parkes, David},
  booktitle={Proceedings of the twenty-fourth annual ACM symposium on Principles of distributed computing},
  pages={99--107},
  year={2005},
  organization={ACM}
}

@article{gudgeon2019sok,
  title={SoK: Off The Chain Transactions.},
  author={Gudgeon, Lewis and Moreno-Sanchez, Pedro and Roos, Stefanie and McCorry, Patrick and Gervais, Arthur},
  journal={IACR Cryptology ePrint Archive},
  volume={2019},
  pages={360},
  year={2019}
}

@article{Miller2017sprites,
  author    = {Andrew Miller and
               Iddo Bentov and
               Ranjit Kumaresan and
               Patrick McCorry},
  title     = {Sprites: Payment Channels that Go Faster than Lightning},
  journal   = {CoRR},
  volume    = {abs/1702.05812},
  year      = {2017},
  url       = {http://arxiv.org/abs/1702.05812},
  archivePrefix = {arXiv},
  eprint    = {1702.05812},
  timestamp = {Mon, 13 Aug 2018 16:47:44 +0200},
  biburl    = {https://dblp.org/rec/bib/journals/corr/MillerBKM17},
  bibsource = {dblp computer science bibliography, https://dblp.org}
}



