
%A


@article{abraham18hotstuff,
  author    = {Ittai Abraham and
               Guy Gueta and
               Dahlia Malkhi},
  title     = {Hot-Stuff the Linear, Optimal-Resilience, One-Message {BFT} Devil},
  journal   = {CoRR},
  volume    = {abs/1803.05069},
  year      = {2018},
  url       = {http://arxiv.org/abs/1803.05069},
  archivePrefix = {arXiv},
  eprint    = {1803.05069},
  timestamp = {Mon, 13 Aug 2018 16:49:08 +0200},
  biburl    = {https://dblp.org/rec/bib/journals/corr/abs-1803-05069},
  bibsource = {dblp computer science bibliography, https://dblp.org}
}


@article{abraham18validated,
  author    = {Ittai Abraham and
               Dahlia Malkhi and
               Alexander Spiegelman},
  title     = {Validated Asynchronous Byzantine Agreement with Optimal Resilience
               and Asymptotically Optimal Time and Word Communication},
  journal   = {CoRR},
  volume    = {abs/1811.01332},
  year      = {2018},
  url       = {http://arxiv.org/abs/1811.01332},
  archivePrefix = {arXiv},
  eprint    = {1811.01332},
  timestamp = {Thu, 22 Nov 2018 17:58:30 +0100},
  biburl    = {https://dblp.org/rec/bib/journals/corr/abs-1811-01332},
  bibsource = {dblp computer science bibliography, https://dblp.org}
}


@inproceedings{androulaki18hyperledger,
  author    = {Elli Androulaki and
               Artem Barger and
               Vita Bortnikov and
               Christian Cachin and
               Konstantinos Christidis and
               Angelo De Caro and
               David Enyeart and
               Christopher Ferris and
               Gennady Laventman and
               Yacov Manevich and
               others},
  title     = {\href{https://arxiv.org/pdf/1801.10228v1.pdf}{Hyperledger fabric: a distributed operating system for permissioned
               blockchains}},
  booktitle = {Proceedings of the Thirteenth EuroSys Conference, EuroSys 2018, Porto,
               Portugal, April 23-26, 2018},
  pages     = {30:1--30:15},
  year      = {2018},
  url       = {http://doi.acm.org/10.1145/3190508.3190538},
  doi       = {10.1145/3190508.3190538},
  timestamp = {Wed, 18 Apr 2018 10:45:31 +0200},
  biburl    = {https://dblp.org/rec/bib/conf/eurosys/AndroulakiBBCCC18},
  bibsource = {dblp computer science bibliography, https://dblp.org}
}

@inproceedings{azaria16medrec,
  title={\href{https://ieeexplore.ieee.org/abstract/document/7573685/}{Medrec: Using blockchain for medical data access and permission management}},
  author={Azaria, Asaph and Ekblaw, Ariel and Vieira, Thiago and Lippman, Andrew},
  booktitle={Open and Big Data (OBD), International Conference on},
  pages={25--30},
  year={2016},
  organization={IEEE}
}

@article{al17chainspace,
	author    = {Mustafa Al{-}Bassam and Alberto Sonnino and Shehar Bano and Dave Hrycyszyn and George Danezis},
	title     = {Chainspace: {A} Sharded Smart Contracts Platform},
	journal   = {CoRR},
	volume    = {abs/1708.03778},
	year      = {2017},
	archivePrefix = {arXiv},
	eprint    = {1708.03778},
	timestamp = {Tue, 05 Sep 2017 10:03:46 +0200},
	biburl    = {https://dblp.org/rec/bib/journals/corr/abs-1708-03778},
	bibsource = {dblp computer science bibliography, https://dblp.org}
}

@article{apostolaki16hijacking,
  title={\href{http://arxiv.org/abs/1605.07524}{Hijacking Bitcoin: Large-scale Network Attacks on Cryptocurrencies}},
  author={Apostolaki, Maria and Zohar, Aviv and Vanbever, Laurent},
  journal = {38th IEEE Symposium on Security and Privacy},
  month = may,
  year = {2017},
  location = {San Jose, CA},
}

@article{abraham16solidus,
  author    = {Ittai Abraham and
               Dahlia Malkhi and
               Kartik Nayak and
               Ling Ren and
               Alexander Spiegelman},
  title     = {\href{http://arxiv.org/abs/1612.02916}{Solidus: An Incentive-compatible Cryptocurrency Based on Permissionless
               Byzantine Consensus}},
  journal   = {CoRR},
  volume    = {abs/1612.02916},
  year      = {2016},
  url       = {http://arxiv.org/abs/1612.02916},
  timestamp = {Sat, 11 Feb 2017 15:57:00 +0100},
  biburl    = {http://dblp.uni-trier.de/rec/bib/journals/corr/AbrahamMNRS16},
  bibsource = {dblp computer science bibliography, http://dblp.org}
}
@inproceedings{abe00secure,
  title={Provably secure partially blind signatures},
  author={Abe, Masayuki and Okamoto, Tatsuaki},
  booktitle={\bibconf[20th]{CRYPTO}{International Cryptology Conference}},
  location = {Santa Barbara, CA},
	mon = aug,
	year=2000
}

@inproceedings{abe02one,
  title={1-out-of-$n$ signatures from a variety of keys},
  author={Abe, M. and Ohkubo, M. and Suzuki, K.},
  booktitle={{ASIACRYPT}},
  pages={639--645},
  year={2002},
  publisher={Springer}
}

@inproceedings{nayak15stubborn,
  title={\href{http://eprint.iacr.org/2015/796.pdf}{Stubborn Mining: Generalizing Selfish Mining and Combining with an Eclipse Attack}},
  booktitle={1st IEEE European Symposium on Security and Privacy},
  author={Nayak, Kartik and Kumar, Srijan and Miller, Andrew and Shi, Elaine},
  month = mar,
  year={2015},
  url={http://eprint.iacr.org/2015/796.pdf},
}



%FC 2016 citation pending
@inproceedings{sapirshtein15optimal,
  title={Optimal Selfish Mining Strategies in {Bitcoin}},
  author={Sapirshtein, Ayelet and Sompolinsky, Yonatan and Zohar, Aviv},
  booktitle={Financial Cryptography and Data Security},
  month=feb,
  year={2016},
  url={http://fc16.ifca.ai/preproceedings/30_Sapirshtein.pdf},
}


@misc{ ey18health,
	author = {Ernst \& Young},
	title = {\href{https://www.hyperledger.org/wp-content/uploads/2016/10/ey-blockchain-in-health.pdf}{Blockchain in health}},
	month = may,
	year = 2018,
}


@misc{ ocean18data,
  author = {{Ocean Protocol Foundation}},
  title = {\href{https://oceanprotocol.com/#papers}{Ocean Protocol: A Decentralized Substrate for AI Data \& Services}},
  month = may,
  year = 2018,
}

@misc{ genecoin18make,
  author = {Genecoin},
  title = {\href{http://genecoin.me/}{Make a Backup of Yourself Using Bitcoin}},
  month = may,
  year = 2018,
}

@misc{ delacruz18blockchain,
  author = {Juan Delacruz, IBM Blockchain},
  title = {\href{https://www.ibm.com/blogs/blockchain/2018/02/blockchain-is-tackling-the-challenge-of-data-sharing-in-government/}{Blockchain is tackling the challenge of data sharing in government}},
  month = may,
  year = 2018,
}

@misc{ mcgonaghy16dcs,
  author = {Trent McConaghy},
  title = {\href{https://blog.bigchaindb.com/the-dcs-triangle-5ce0e9e0f1dc}{The DCS Triangle}},
  month = jun,
  year = 2016,
}

@misc{ abley10dnssec,
	author = {Joe Abley and David Blacka and David Conrad and Richard Lamb and Matt Larson and Fredrik Ljunggren and David Knight and Tomofumi Okubo and Jakob Schlyter},
	title = {\href{http://www.root-dnssec.org/wp-content/uploads/2010/06/draft-icann-dnssec-arch-v1dot4.pdf}{DNSSEC Root Zone -- High Level Technical Architecture}},
	month = jun,
	year = 2010,
	note = {Version 1.4},
}

@misc{ apple14icloud,
	author = {Apple Support},
	title = {\href{https://support.apple.com/en-us/HT204085}{Frequently asked questions about iCloud Keychain}},
	month = may,
	year = 2016,
}



@article{ ackerman15fbi,
	author = {Spencer Ackerman},
	title = {\href{http://www.theguardian.com/technology/2015/jul/08/fbi-chief-backdoor-access-encryption-isis}{FBI chief wants 'backdoor access' to encrypted communications to fight Isis}},
	journal = {The Guardian},
	month = jul,
	year = 2015,
}

@article{adams01internet,
  title={Internet {X}.509 Public Key Infrastructure Time Stamp Protocol {(TSP)}},
  author={Adams, Carlisle and Pinkas, Denis},
  year={2001}
}

@inproceedings{adleman83implementing,
  title={Implementing an electronic notary public},
  author={Adleman, Leonard M},
  booktitle={Advances in Cryptology},
  year={1983},
}


@incollection{ aggarwal08general,
	author = {Charu C. Aggarwal and Philip S. Yu},
	title = {A General Survey of Privacy-Preserving Data Mining Models
			and Algorithms},
	booktitle = {Privacy-Preserving Data Mining: Models and Algorithms},
	isbn = {978-0-387-70991-8},
	publisher = {Springer},
	year = 2008,
	chapter = {2},
	pages = {11-52},
}

@inproceedings{ali16blockstack,
    author = {Muneeb Ali and Jude Nelson and Ryan Shea and Michael J. Freedman},
    title = {\href{https://www.usenix.org/conference/atc16/technical-sessions/presentation/ali}{Blockstack: A Global Naming and Storage System Secured by Blockchains}},
    booktitle = {2016 USENIX Annual Technical Conference (USENIX ATC 16)},
    year = {2016},
    month = Jun,
    isbn = {978-1-931971-30-0},
    address = {Denver, CO},
    pages = {181--194},
    publisher = {USENIX Association},
}

@inproceedings{ alicherry09doublecheck,
	author = {Mansoor Alicherry and Angelos D. Keromytis},
	title = {{DoubleCheck}: Multi-path Verification Against
			Man-in-the-Middle Attacks},
	booktitle = {\bibconf[14th]{ISCC}{IEEE Symposium on
			Computers and Communications}},
	month = jul,
	year = 2009,
}

@misc{ andresen16classic,
	author = {Gavin Andresen},
	title = {\href{http://gavinandresen.ninja/classic-unlimited-xt-core}{{Classic? Unlimited? XT? Core?}}},
	month = jan,
	year = 2016,
	url = {http://gavinandresen.ninja/classic-unlimited-xt-core},
}

@inproceedings{androulaki08reputation,
	author = {Elli Androulaki and
						Seung Geol Choi and
						Steven M. Bellovin and
						Tal Malkin},
	title = {Reputation systems for anonymous networks},
	booktitle = {\bibconf[8th]{PETS}{Privacy Enhancing Technologies}},
	location = {Leuven, Belgium},
	month = jul,
	year = 2008
}

@article{ anderson13cell,
	author = {Nate Anderson},
	title = {\href{http://arstechnica.com/tech-policy/2013/08/how-cell-tower-dumps-caught-the-high-country-bandits-and-why-it-matters/}{How ``cell tower dumps'' caught the {High Country Bandits}---and why it matters}},
	journal = {arstechnica},
	month = aug # "~29,",
	year = 2013,
	day = 29,
}

@inproceedings{ ariyapperuma07security,
	author = {Suranjith Ariyapperuma and Chris J. Mitchell},
	title = {\href{https://repository.royalholloway.ac.uk/file/f209fcf0-4b82-e17c-656d-e832730b2037/10/svidad.pdf}{Security vulnerabilities in {DNS} and {DNSSEC}}},
	booktitle = {\bibconf[2nd]{ARES}{International Conference on
			Availability, Reliability and Security}},
	month = apr,
	year = 2007,
}

@article{ arthur11diginotar,
	author = { Charles Arthur},
	title = {\href{http://www.theguardian.com/technology/2011/sep/05/diginotar-certificate-hack-cyberwar}{DigiNotar SSL certificate hack amounts to cyberwar, says expert}},
	journal = {The Guardian},
	month = sep,
	year = 2011,
	day = 5,
}

@article{arma14disable,
	author = {Arma},
	title = {\href{https://blog.torproject.org/blog/possible-upcoming-attempts-disable-tor-network}{Possible upcoming attempts to disable the Tor network}},
	journal = {Tor Project Blog},
	month = december,
	year = 2014,
	day = 19,
}

@inproceedings{ateniese00practical,
  title={A practical and provably secure coalition-resistant group signature scheme},
  author={Ateniese, Giuseppe and Camenisch, Jan and Joye, Marc and Tsudik, Gene},
  booktitle={\bibconf[20th]{CRYPTO}{International Cryptology Conference}},
  location = {Santa Barbara, CA},
	mon = aug,
	year=2000
}

@inproceedings{ateniese03quasi,
  title={Quasi-efficient revocation of group signatures},
  author={Ateniese, Giuseppe and Song, Dawn and Tsudik, Gene},
  booktitle={\bibconf[7th]{FC}{Financial Cryptography Conference}},
  location = {Guadeloupe, France},
	month = jan,
	year = 2003
}

@inproceedings{ aura06scanning,
  author = {Aura, Tuomas and Kuhn, Thomas A. and Roe, Michael},
  title = {Scanning electronic documents 
    for personally identifiable information},
  booktitle = {\bibconf[5th]{WPES}{ACM workshop on Privacy in electronic society}},
  year = {2006},
  location = {Alexandria, Virginia, USA},
  pages = {41--50},
  publisher = {ACM},
  address = {New York, NY, USA},
} 

@inproceedings{au08practical,
  author = {Man Ho Au and
	          Willy Susilo and
	          Yi Mu},
  title={Practical anonymous divisible E-Cash from bounded accumulators},
  booktitle={\bibconf[12th]{FC}{Financial Cryptography and Data Security}},
  location = {Cozumel, Mexico},
	month = jan,
	year=2008
}

@inproceedings{au12blacr,
  title={{BLACR}: {TTP}-Free Blacklistable Anonymous Credentials with Reputation},
  author={Man H Au and
			    Apu Kapadia and
	        Willy Susilo},
  booktitle={\bibconf[19th]{NDSS}{Annual Network \& Distributed System Security
	Symposium}},
  location = {San Diego, CA},
	month = Feb,
	year=2012
}

%B


@techreport{blough11ct,
  title={CT-T: MedVault-ensuring security and privacy for electronic medical records},
  author={Blough, Douglas M and Liu, Ling and Sainfort, Francois and Ahamad, Mustaque},
  year={2011},
  institution={Georgia Institute of Technology}
}



@inproceedings{blakley79keys,
    title = {\href{https://www.computer.org/csdl/proceedings/afips/1979/5087/00/50870313.pdf}{Safeguarding cryptographic keys}},
  author={Blakley, George Robert},
  booktitle={Proceedings of the national computer conference},
  volume={48},
  pages={313--317},
  year={1979}
}

@misc{buterin15notes,
  title={\href{https://pdfs.semanticscholar.org/ae5b/c3aaf0e02a42f4cd41916072c87db0e04ac6.pdf}{Notes on Scalable Blockchain Protocols (verson 0.3)}},
  author={Buterin, Vitalik and Coleman, Jeff and Wampler-Doty, Matthew},
  year={2015}
}



@misc{bentov16snow,
    author = {Iddo Bentov and Rafael Pass and Elaine Shi},
    title = {\href{http://eprint.iacr.org/2016/919}{Snow White: Provably Secure Proofs of Stake}},
    howpublished = {Cryptology ePrint Archive, Report 2016/919},
    year = {2016},
}

@thesis{buchman16tendermint,
  title={\href{https://atrium.lib.uoguelph.ca/xmlui/bitstream/handle/10214/9769/Buchman_Ethan_201606_MAsc.pdf?sequence=7&isAllowed=y}{Tendermint: Byzantine Fault Tolerance in the Age of Blockchains}},
  author={Buchman, Ethan},
  year={2016}
}


@misc{barme97great,
	title = {\href{http://www.wired.com/1997/06/china-3/}{The Great Firewall of China}},  
	author = { GEREMIE R. BARME AND SANG YE. },
	year={1997},
}



@article{ ball13NSA,
	author = { James Ball and Dominic Rushe},
	title = {\href{http://www.theguardian.com/world/2013/jun/06/us-tech-giants-nsa-data}{NSA Prism program taps in to user data of Apple, Google and others
}},
	month = oct,
	year = 2013,
}


@article{ barret10OPM,
	author = {Devlin Barret},
	title = {\href{http://www.wsj.com/articles/u-s-suspects-hackers-in-china-behind-government-data-breach-sources-say-1433451888}{U.S. Suspects Hackers in China Breached About four (4) Million People's Records, Officials Say}},
	month = jun,
	year = 2015,
}
@inproceedings{kate09distributed,
  title={\href{https://ieeexplore.ieee.org/abstract/document/5158416/}{Distributed key generation for the internet}},
  author={Kate, Aniket and Goldberg, Ian},
  booktitle={Distributed Computing Systems, 2009. ICDCS'09. 29th IEEE International Conference on},
  pages={119--128},
  year={2009},
  organization={IEEE}
}
@inproceedings{backes14backref,
 author = {Backes, Michael and Clark, Jeremy and Kate, Aniket and Simeonovski, Milivoj and Druschel, Peter},
 title = {{BackRef}: Accountability in Anonymous Communication Networks},
 booktitle = {\bibbrev{ACNS}{Applied Cryptography and Network Security}},
 year = {2014},
}

@inproceedings{backstrom07wherefore,
	author = {Lars Backstrom and
	          Cynthia Dwork and
	          Jon M. Kleinberg},
	title = {Wherefore art thou r3579x?: anonymized social networks,
	         hidden patterns, and structural steganography},
	booktitle = {\bibconf[16th]{WWW}{International Conference 
			on World Wide Web}},
	month = may,
	year = 2007,
	location = {Canada}
}

@misc{baigneres15curve,
    author = {Thomas Baign\`{e}res and C\'{e}cile Delerabl\'{e}e and Matthieu Finiasz and Louis Goubin and Tancr\`{e}de Lepoint and Matthieu Rivain},
    title = {\href{http://eprint.iacr.org/2015/1249}{Trap Me If You Can -- Million Dollar Curve}},
    howpublished = {Cryptology ePrint Archive, Report 2015/1249},
    year = {2015},
}

@inproceedings{ballani2007hijacking,
	title={\href{https://people.mpi-sws.org/~francis/sigcomm07-interception.pdf}
	 {A Study of Prefix Hijacking and Interception in the Internet}},
	author={Ballani, Hitesh and Francis, Paul and Zhang, Xinyang},
	booktitle={ACM SIGCOMM Computer Communication Review},
	volume={37},
	number={4},
	year={2007},
	organization={ACM}
}

@inproceedings{ basin14arpki,
	author = {David Basin and Cas Cremers and Tiffany Hyun-Jin Kim and
			Adrian Perrig and Ralf Sasse and Pawel Szalachowski},
	title = {\href{http://www.netsec.ethz.ch/research/arpki/}{{ARPKI}: Attack Resilient Public-Key Infrastructure}},
	booktitle = {\bibconf{CCS}{ACM Conference on 
		Computer and Communications Security}},
	year = 2014,
}

@inproceedings{ bates14forced,
	author = {Adam Bates and Joe Pletcher and Tyler Nichols and
			Braden Hollembaek and Kevin R. B. Butler},
	title = {Forced Perspectives:
			Evaluating an {SSL} Trust Enhancement at Scale},
	booktitle = {\bibconf{IMC}{Internet Measurement Conference}},
	month = nov,
	year = 2014,
	location = {Vancouver, BC, Canada},
}

@inproceedings{bauer03new,
  title = {New covert channels in {HTTP}: 
    adding unwitting {Web} browsers to anonymity sets},
  author = {Bauer, Matthias},
  booktitle = {\bibconf[1st]{WPES}{ACM 
    Workshop on Privacy in the Electronic Society}},
  pages = {72--78},
  year = {2003},
}

% author = {Bauer, Kevin and McCoy, Damon and Grunwald, Dirk and Sicker, Douglas},
@inproceedings{bauer05bittorrent,
 author = {Bauer, Kevin and others},
 title = {BitBlender: light-weight anonymity for {BitTorrent}},
 booktitle = {\bibbrev{AIPACa}{Workshop on Applications of private and anonymous communications}},
 year = {2008},
}

@misc{beacon,
  key={NIST Beacon},
  title = {{NIST} {R}andomness {B}eacon},
  howpublished = {\url{http://www.nist.gov/itl/csd/ct/nist_beacon.cfm}},
}

@misc{beacon14reddit,
  key={Reddit},
  title = {Reddit: {NIST} {R}andomness {B}eacon},
  howpublished = {\url{http://www.reddit.com/r/crypto/comments/21apkx/nist_randomness_beacon/}},
}


@misc{beacon14se,
  key={StackExchenge},
  title = {How useful is {NIST}'s {R}andomness {B}eacon for cryptographic use?},
  howpublished = {\url{http://crypto.stackexchange.com/questions/15225/how-useful-is-nists-randomness-beacon-for-cryptographic-use}},
}


@inproceedings{ bellare93random,
  title = {Random oracles are practical: A paradigm for designing efficient protocols},
  author = {Bellare, Mihir and Rogaway, Phillip},
  booktitle = {\bibconf[1st]{CCS}{ACM Conference on 
    Computer and Communications Security}},
  pages = {62--73},
  year = {1993},
}


@inproceedings{ bellare94optimal,
	author = {Mihir Bellare and Phillip Rogaway},
	title = {Optimal Asymmetric Encryption -- How to Encrypt with {RSA}},
	booktitle = {Eurocrypt},
	month = may,
	year = 1994,
	location = {Perugia, Italy},
}

@inproceedings{ bellare09hedged,
  title = {Hedged public-key encryption: How to protect against bad randomness},
  author = {Bellare, Mihir and Brakerski, Zvika and 
    Naor, Moni and Ristenpart, Thomas and Segev, Gil and Shacham, Hovav and Yilek, Scott},
  booktitle = {{ASIACRYPT}},
  pages = {232--249},
  year = {2009},
  publisher = {Springer}
}

@inproceedings{bellare06multi,
  title={Multi-signatures in the plain public-key model and a general forking lemma},
  author={Bellare, Mihir and Neven, Gregory},
  booktitle = {\bibconf{CCS}{ACM Conference on 
		Computer and Communications Security}},
  year={2006},
}

@inproceedings{ bellissimo06secure,
	author = {Anthony Bellissimo and John Burgess and Kevin Fu},
	title = {\href{https://www.usenix.org/legacy/event/hotsec06/tech/full_papers/bellissimo/bellissimo.pdf}{Secure Software Updates: Disappointments and New Challenges}},
	booktitle = {\bibconf[1st]{HotSec}{USENIX Workshop on Hot Topics in Security}},
	month = jul,
	year = 2006,
	location = {Vancouver, BC, Canada},
}

@inproceedings{ bencsath12duqu,
	title={\href{https://www.crysys.hu/publications/files/BencsathPBF12eurosec.pdf}{Duqu: Analysis, Detection, and Lessons Learned}},
	author={Bencs{\'a}th, Boldizs{\'a}r and P{\'e}k, G{\'a}bor and Butty{\'a}n, 
	Levente and F{\'e}legyh{\'a}zi, M{\'a}rk},
	booktitle={ACM European Workshop on System Security (EuroSec)},
	year={2012}
}

@inproceedings{bendavid08fairplaymp,
	title={{FairplayMP}: a system for secure multi-party computation},
	author={Ben-David, Assaf and Nisan, Noam and Pinkas, Benny},
	booktitle={{ACM} Conference on Computer and Communications Security},
	month={October},
	year={2008}
} 

@inproceedings{bender06ring,
  title={Ring signatures: Stronger definitions, and constructions without random oracles},
  author={Bender, A. and Katz, J. and Morselli, R.},
  booktitle={\bibconf[3rd]{TCC}{Theory of Cryptography Conference}},
  pages={60--79},
  year={2006},
  publisher={Springer}
}

@article {bender09ring,
	title = {Ring signatures: Stronger definitions, and constructions without random oracles},
	journal = {Journal of Cryptology},
	year = {2009},
	author = {Bender,A. and Katz, Jonathan and Morselli,R.}
}

@article{ bernstein12highspeed,
	author = {Daniel J. Bernstein and Niels Duif and Tanja Lange
			and Peter Schwabe and Bo-Yin Yang},
	title = {\href{http://link.springer.com/article/10.1007/s13389-012-0027-1}{High-speed high-security signatures}},
	journal = {Journal of Cryptographic Engineering},
	volume = 2,
	number = 2,
	pages = {77-89},
	year = 2012,
	url = {http://link.springer.com/article/10.1007/s13389-012-0027-1},
}

@inproceedings{ bernstein13elligator,
	author = {Daniel J. Bernstein and Mike Hamburg and Anna Krasnova
			and Tanja Lange},
	title = {Elligator: Elliptic-curve points
			indistinguishable from uniform random strings},
	booktitle = {ACM CCS},
	month = nov,
	year = 2013,
}

@misc{bernstein15dualec,
  title = {\href{http://eprint.iacr.org/2015/767}{Dual {EC}: {A Standardized Back Door}}},
  author = {{Bernstein}, Daniel J. and {Lange}, Tanja and {Niederhagen}, Ruben},
  howpublished = {Cryptology ePrint Archive, Report 2015/767},
  year = {2015},
}

@inproceedings{berthold00cascade,
  title = {The disadvantages of free {MIX} routes and how to overcome them}, 
  author = {Oliver Berthold and Andreas Pfitzmann and Ronny Standtke}, 
  booktitle = {Workshop on Design Issues in Anonymity and Unobservability}, 
  year = {2000}, 
  month = {July}, 
  pages = {30--45}, 
}

@inproceedings{berthold00anonymity,
  author = {Berthold, Oliver and Federrath, Hannes and K\"{o}hntopp, Marit},
  title = {Project ``anonymity and unobservability in the Internet''},
  booktitle = {\bibbrev{CFP}{Conference on Computers, freedom and privacy: challenging the assumptions}},
  year = {2000},
  month = {April}
}

@inproceedings{ berthold02dummy,
  author = {Berthold, Oliver and Langos, Heinrich},
  title = {Dummy traffic against long term intersection attacks},
  booktitle = {\bibconf[2nd]{PET}{Workshop on Privacy Enhancing Technologies}},
  year = {2002},
}

@inproceedings{bethencourt10signatures,
		author = {John Bethencourt and
							Elaine Shi and
		          Dawn Song},
		title = {Signatures of Reputation},
		booktitle = {\bibconf[14th]{FC}{Financial Cryptography and Data Security}},
		location = {Canary Islands, Spain},
		month = jan,
		year = 2010
}

@inproceedings{bian2007off,
  title={Off-the-record instant messaging for group conversation},
  author={Bian, Jiang and Seker, Remzi and Topaloglu, Umit},
  booktitle={Information Reuse and Integration, 2007. IRI 2007. IEEE International Conference on},
  year={2007},
}


@article{ bier09rules,
  author={Bier, E. and Chow, R. and Golle, 
    P. and King, T.H. and Staddon, J.},
  journal={Security Privacy, IEEE}, 
  title={The Rules of Redaction: Identify, Protect, Review (and Repeat)},
  year={2009},
  month={nov.-dec. },
  volume={7},
  number={6},
  pages={46 -53},
}

@inproceedings{blomer15anonymous,
		author = {Johannes Bl{\"{o}}mer and
							Jakob Juhnke and
		          Christina Kolb},
		title = {Anonymous and publicly linkable reputation systems},
		booktitle = {\bibconf[19th]{FC}{Financial Cryptography and Data Security}},
		location = {Puerto Rico},
		month = jan,
		year = 2015
}

@article{blum86prng,
 author = {Blum, Lenore and Blum, Manuel and Shub, Michael},
 title = {A simple unpredictable pseudo random number generator},
 journal = {SIAM J. Comput.},
 year = {1986}
} 

@incollection{blundo94randomness,
    author      = {Blundo, Carlo and 
                   De Santis, Alfredo and 
                   Vaccaro, Ugo},
    title       = {Randomness in distribution protocols},
    booktitle   = {Automata, Languages and Programming},
    volume      = {820},
    series      = {Lecture Notes in Computer Science},
    editor      = {Abiteboul, Serge and Shamir, Eli},
    publisher   = {Springer Berlin Heidelberg},
    pages       = {568-579},
    year        = {1994},
    language    = {English},
    doi         = {10.1007/3-540-58201-0_99},
    url         = {http://dx.doi.org/10.1007/3-540-58201-0_99},
    isbn        = {978-3-540-58201-4},
}

@inproceedings{blundo12espresso,
  author = {Carlo Blundo and
            Emiliano de Cristofaro and
            Paolo Gasti},
  title = {{EsPRESSo}: Efficient Privacy-Preserving Evaluation
           of Sample Set Similarity},
  booktitle = {DPM/SETOP},
  month = sep,
  year = 2012
}

@article{blundo14espresso,
  author = {Carlo Blundo and
            Emiliano de Cristofaro and
            Paolo Gasti},
  title = {{EsPRESSo}: {E}fficient Privacy-Preserving Evaluation
           of Sample Set Similarity},
	journal = {Journal of Computer Security},
  volume = {22},
	number = {3},
	pages = {355--381},
  year = 2014
}

@inproceedings{ bobbio14reproducible,
	author = {J\'er\'emy {Bobbio (Lunar)}},
	title = {\href{https://archive.fosdem.org/2014/schedule/event/reproducibledebian/}{Reproducible Builds for Debian}},
	booktitle = {FOSDEM},
	month = feb,
	year = 2014,
}

@article{bogdanov13pushing,
	title={Pushing back the rain\ --\ how to create trustworthy services in the cloud},
	author={Bogdanov, Dan and Kalu, Aivo},
	journal={{ISACA} Journal},
	volume={3},
	year={2013},
	pages={49--51}
}

@incollection { boneh98decision,
  author = {Dan Boneh},
  title = {The Decision {Diffie-Hellman} problem},
  booktitle = {Algorithmic Number Theory},
  series = {Lecture Notes in Computer Science},
  editor = {Joe Buhler},
  publisher = {Springer Berlin / Heidelberg},
  pages = {48-63},
  volume = {1423},
  note = {10.1007/BFb0054851},
  year = {1998}
}

@incollection{ boneh01identity,
  author = {Dan Boneh and Matt Franklin},
  title = {Identity-Based Encryption from the {Weil} Pairing},
  booktitle = {\bibconf[21st]{CRYPTO}{IACR International Cryptology Conference}},
  year = {2001}
}


@inproceedings{boneh01short,
	title = {\href{https://www.iacr.org/archive/asiacrypt2001/22480516.pdf}{Short signatures from the Weil pairing}},
  author={Boneh, Dan and Lynn, Ben and Shacham, Hovav},
  booktitle={International Conference on the Theory and Application of Cryptology and Information Security},
  pages={514--532},
  year={2001},
  organization={Springer}
}

@article{boneh03survey,
  title={A survey of two signature aggregation techniques},
  author={Boneh, Dan and Gentry, Craig and Lynn, Ben and Shacham, Hovav and others},
  journal={RSA cryptobytes},
  year={2003}
}

@inproceedings{ boneh04efficient,
  title = {Efficient {selective-ID} secure identity-based encryption without random oracles},
  author = {Boneh, Dan and Boyen, Xavier},
  booktitle = {\bibconf{Eurocrypt}{International Conference on the 
    Theory and Applications of Cryptographic Techniques}},
  pages = {223--238},
  year = {2004},
}

@inproceedings{boneh04short,
  title={Short group signatures},
  author={Boneh, Dan and Boyen, Xavier and Shacham, Hovav},
  booktitle={\bibconf[24th]{CRYPTO}{International Cryptology Conference}},
  location = {Santa Barbara, CA},
	mon = aug,
	year=2004 
}

@misc{ bonneau15bitcoin,
	author = {Joseph Bonneau and Jeremy Clark and Steven Goldfeder},
	title = {\href{https://eprint.iacr.org/2015/1015.pdf}{On Bitcoin as a public randomness source}},
	howpublished = {{IACR} eprint archive},
	month = oct,
	year = 2015,
}

@inproceedings{borge17PoP,
  title={\href{http://bford.info/pub/dec/pop-abs}{{Proof-of-Personhood}: Redemocratizing Permissionless Cryptocurrencies}},
  booktitle={\href{http://prosecco.gforge.inria.fr/ieee-blockchain2016/}{1st IEEE Security and Privacy on the Blockchain}},
  author = {Maria Borge and Eleftherios Kokoris-Kogias and Philipp Jovanovic and Nicolas Gailly and Linus Gasser and Bryan Ford},
  month = apr,
  year={2017},
}

@inproceedings{borisov2004off,
  title={Off-the-record communication, or, why not to use PGP},
  author={Borisov, Nikita and Goldberg, Ian and Brewer, Eric},
  booktitle = {\bibconf{WPES}{ACM workshop on Privacy in the electronic society}},
  year={2004},
}

@inproceedings{boldyreva02threshold,
  title={\href{https://eprint.iacr.org/2002/118}{Threshold Signatures, Multisignatures and Blind Signatures Based on the {Gap-Diffie-Hellman-Group} Signature Scheme}},
  author={Boldyreva, Alexandra},
  booktitle={Public Key Cryptography -- PKC 2003},
  publisher= {Springer},
  year={2002},
}

@misc{boyle11coin,
    author = {Elette Boyle and Shafi Goldwasser and Yael Tauman Kalai},
    title = {\href{https://eprint.iacr.org/2011/291.pdf}{Leakage-Resilient Coin Tossing}},
    howpublished = {Cryptology ePrint Archive, Report 2011/291},
    year = {2011},
}
    note = {\url{http://eprint.iacr.org/}},

@article{brennan12stylometry,
 author = {Brennan, Michael and Afroz, Sadia and Greenstadt, Rachel},
 title = {Adversarial Stylometry: Circumventing Authorship Recognition to Preserve Privacy and Anonymity},
	journal = {\bibconf{TISSEC}{ACM Transactions on Information and System Security}},
month = nov,
year = {2012},
}

@inproceedings{ bresson02dynamic,
  author = {Bresson, Emmanuel and Chevassut, Olivier and Pointcheval, David},
  title = {Dynamic Group {Diffie-Hellman} Key Exchange under Standard Assumptions},
  booktitle = {Proceedings of the International Conference on the Theory and 
    Applications of Cryptographic Techniques: Advances in Cryptology},
  series = {Eurocrypt},
  year = {2002},
  isbn = {3-540-43553-0},
  pages = {321--336},
  publisher = {Springer-Verlag},
  address = {London, UK, UK},
}

@article{ bright11diginotar,
	author = { Peter Bright},
	title = {\href{http://arstechnica.com/security/2011/08/earlier-this-year-an-iranian/}{Another fraudulent certificate raises the same old questions about certificate authorities}},
	journal = {arstechnica},
	month = aug,
	year = 2011,
	day = 29,
}


@article{ bright11comodo,
	author = { Peter Bright},
	title = {\href{http://arstechnica.com/security/2011/03/how-the-comodo-certificate-fraud-calls-ca-trust-into-question/}{How the Comodo certificate fraud calls CA trust into questions}},
	journal = {arstechnica},
	month = mar,
	year = 2011,
	day = 24,
}

@inproceedings{buchmann07merkle,
  title = {Merkle Signatures with Virtually Unlimited Signature Capacity.}, 
  author = {Buchmann, Johannes and Dahmen, Erik and Klintsevich, Elena and Okeya, Katsuyuki and Vuillaume, Camille},
  booktitle = {\bibbrev{ACNS}{Applied Cryptography and Network Security}},
  year = 2007
}

@article{ burgess15un,
	author = {Matt Burgess},
	title = {\href{http://www.wired.co.uk/news/archive/2015-11/10/surveillance-investigatory-powers-scary-joseph-cannataci}{UN privacy chief: UK surveillance bill is 'worse than scary'}},
	journal = {Wired.co.uk},
	month = nov,
	year = 2015,
	day = 10,
}

@inproceedings{burkhart10sepia,
	title={Sepia: Privacy-preserving aggregation of multi-domain network events and statistics},
	author={Burkhart, Martin and Strasser, Mario and Many, Dilip and Dimitropoulos, Xenofontas},
	booktitle={{USENIX} Security Symposium},
	month={August},
	year={2010}
}

@article{ byers04leakage,
  author = {Simon Byers},
  title = {Information Leakage Caused by Hidden 
    Data in Published Documents},
  journal ={IEEE Security and Privacy},
  volume = {2},
  year = {2004},
  pages = {23-27},
  publisher = {IEEE Computer Society},
  address = {Los Alamitos, CA, USA},
}

%C


@inproceedings{cachin16architecture,
  title={\href{https://www.zurich.ibm.com/dccl/papers/cachin_dccl.pdf}{Architecture of the Hyperledger blockchain fabric}},
  author={Cachin, Christian},
  booktitle={Workshop on Distributed Cryptocurrencies and Consensus Ledgers},
  year={2016}
}


@inproceedings{chase16transparency,
  title={Transparency Overlays and Applications},
  author={Chase, Melissa and Meiklejohn, Sarah},
  booktitle={Proceedings of the 2016 ACM SIGSAC Conference on Computer and Communications Security},
  pages={168--179},
  year={2016},
  organization={ACM}
}

@misc{callas07openpgp,
	title={\href{https://tools.ietf.org/html/rfc4880}{RFC 4880: OpenPGP Message Format}},
	author={Callas, J. and Donnerhacke, L. and Finney, H. and Shaw, D. and Thayer, R.},
	year={2007},
}

@article{ cloudflare16cloudflare,
	author = {CloudFlare, Inc.},
	title = {\href{https://www.cloudflare.com/}{CloudFlare - The web performance \& security company
	}},
	month = may,
	year = 2016,
}


@article{ cohen08bittorent,
	author = {Bram Cohen},
	title = {\href{http://www.bittorrent.org/beps/bep_0003.html}{The BitTorrent Protocol Specification}},
	month = jan,
	year = 2008,
}

@article{ akamai16akamai,
	author = {Akamai Technologies, Inc.},
	title = {\href{https://www.akamai.com/}{Akamai: Content Delivery Network (CDN) \& Cloud Computing
	}},
	month = may,
	year = 2016,
}


@article{ comodo11comodo,
	author = {Comodo Group},
	title = {\href{https://www.comodo.com/Comodo-Fraud-Incident-2011-03-23.html}{Comodo Fraud Incident
}},
	month = jul,
	year = 2015,
}

@inproceedings{ cachin00random,
	author = {Christian Cachin and Klaus Kursawe and Victor Shoup},
	title = {\href{http://link.springer.com/article/10.1007/s00145-005-0318-0}{Random Oracles in {Constantinople}}:
			Practical Asynchronous {Byzantine} Agreement
			Using Cryptography},
	booktitle = {19th ACM Symposium on Principles of Distributed Computing
			(PODC)},
	month = jul,
	year = 2000,
	url = {http://link.springer.com/article/10.1007/s00145-005-0318-0},
}

@inproceedings{ cachin01secure,
	author = {Christian Cachin and Klaus Kursawe and Frank Petzold
			and Victor Shoup},
	title = {\href{http://www.zurich.ibm.com/~cca/papers/abc.pdf}{Secure and Efficient Asynchronous Broadcast Protocols}},
	booktitle = {Advances in Cryptology (CRYPTO)},
	month = aug,
	year = 2001,
	url = {http://www.zurich.ibm.com/~cca/papers/abc.pdf},
}

@inproceedings{ cachin04secure,
	author = {Christian Cachin and Asad Samar},
	title = {Secure distributed {DNS}},
	booktitle = {Dependable Systems and Networks (DSN)},
	month = jul,
	year = 2004,
	url = {http://www.zurich.ibm.com/~cca/papers/dnsrepl.pdf},
}

@inproceedings{ cai12touching,
	author = {Xiang Cai and Xin Cheng Zhang and Brijesh Joshi
			and Rob Johnson},
	title = {Touching from a Distance: Website Fingerprinting Attacks
			and Defenses},
	booktitle = {ACM CCS},
	month = oct,
	year = 2012,
}

@inproceedings{ camenisch97efficient,
  title={Efficient group signature schemes for large groups},
  author={Camenisch, Jan and Stadler, Markus},
  booktitle={CRYPTO '97},
  month=aug,
  year={1997},
  location={Santa Barbara, CA},
}


@inproceedings{ camenisch01efficient,
  title={An efficient system for non-transferable anonymous credentials with optional anonymity revocation},
  author={Jan Camenisch and Anna Lysyanskaya},
  booktitle={EUROCRYPT},
  month = may,
  year=2001
}

@inproceedings{ camenisch02dynamic,
  title={Dynamic accumulators and application to efficient revocation of
			anonymous credentials},
  author={Jan Camenisch and Anna Lysyanskaya},
  booktitle={\bibconf[22nd]{CRYPTO}{Annual International Cryptology Conference}},
  location={Santa Barbara, CAT},
	month=aug,
	year=2001
}

@inproceedings{camenisch05compact,
  author = {Camenisch, Jan and 
			      Hohenberger, Susan and 
						Lysyanskaya, Anna},
	title = {Compact e-cash},
  booktitle = {\bibconf[24th]{EUROCRYPT}{International Conference 
			on the theory and Applications of Cryptographic Techniques}},
  location = {Aarhus, Denmark},
	month = may,
	year = 2005
}

@inproceedings{camenisch06balancing,
  author={Jan Camenisch and
		      Susan Hohenberger and	
			    Anna Lysyanskaya},
  title={Balancing Accountability and Privacy Using E-Cash (Extended Abstract)},
  booktitle = {\bibconf[5th]{SCN}{Security and Cryptography for Networks}},
  location = {Maiori, Italy},
	month = sep,
	year = 2006
}

@inproceedings{camenisch07endorsed,
  author={Jan Camenisch and 
			    Anna Lysyanskaya and
	        Mira Meyerovich},
  title={Endorsed e-cash},
  booktitle={\bibconf[28th]{S{\&}P}{IEEE Symposium on Security and Privacy}},
  location={Oakland, CA},
	month=may,
	year=2007
}

@inproceedings{camenisch08cred,
 author = {Camenisch, Jan and Gro\ss, Thomas},
 title = {Efficient attributes for anonymous credentials},
 booktitle = {Proceedings of the 14th ACM Conference on Computer and Communications Security},
 series = {{CCS}}, year = {2008},
 pages = {345--356},
 publisher = {ACM},
}


@inproceedings{ cao13redefining,
	author = {Yinzhi Cao and Vaibhav Rastogi and Zhichun Li and Yan Chen
			and Alexander Moshchuk},
	title = {Redefining Web Browser Principals with a
			Configurable Origin Policy},
	booktitle = {\bibconf[43rd]{DSN}{IEEE/IFIP International Conference
			on Dependable Systems and Networks}},
	month = jun,
	year = 2013,
	location = {Budapest},
}

@inproceedings{ cappos08look,
	author = {Justin Cappos and Justin Samuel and Scott Baker
			and John H. Hartman},
	title = {\href{http://www.cs.arizona.edu/stork/packagemanagersecurity/ccs2008.pdf}{A Look In the Mirror: Attacks on Package Managers}},
	booktitle = {\bibconf[15th]{CCS}{ACM Conference on 
		Computer and Communications Security}},
	month = oct,
	year = 2008,
	location = {Alexandria, VA},
}

@inproceedings{ cappos13avoiding,
	author = {Justin Cappos},
	title = {Avoiding Theoretical Optimality to Efficiently
			and Privately Retrieve Security Updates},
	booktitle = {\bibconf[17th]{FC}{Financial Cryptography and Data Security}},
	month = apr,
	year = 2013,
}

@article{ castiglione07advantages,
  author = "A. Castiglione and A. De Santis and C. Soriente",
  title = "Taking advantages of a disadvantage: Digital forensics and steganography using document metadata",
  journal = "Journal of Systems and Software",
  volume = "80",
  number = "5",
  pages = "750 - 764",
  year = "2007",
}

@inproceedings{cha03identity,
  title={An identity-based signature from gap Diffie-Hellman groups},
  author={Cha, Jae Choon and Cheon, Jung Hee},
  booktitle={{PKC}},
  volume={2567},
  pages={18--30},
  year={2003}
}

@inproceedings{chaum82blind,
  title={Blind Signatures for Untraceable Payments.},
  author={Chaum, David},
  booktitle = {\bibconf{CRYPTO}{International Cryptology Conference}},
  year={1982}
}

@inproceedings{ chaum90untraceable,
 author = {David Chaum and Amos Fiat and Moni Naor},
 title = {Untraceable Electronic Cash},
 booktitle = {\bibconf{CRYPTO}{International Cryptology Conference}},
 month = aug,
 year = 1988,
 location = {Santa Barbara, CA},
}

@inproceedings{chaum91group,
  title={Group signatures},
  author={Chaum, David and Van Heyst, Eug{\`e}ne},
  booktitle={\bibconf{EUROCRYPT}{Advances in Cryptology}},
	month = apr,
	year = 1991
}

@inproceedings{ chaum92wallet,
 author = {Chaum, David and Pedersen, Torben P.},
 title = {Wallet Databases with Observers},
 booktitle = {\bibconf{CRYPTO}{IACR International Cryptology Conference}},
 year = {1992},
}

@inproceedings{checkoway11comprehensive,
  title={Comprehensive Experimental Analyses of Automotive Attack Surfaces},
  author={Checkoway, Stephen and McCoy, Damon and 
    Kantor, Brian and Anderson, Danny and Shacham, Hovav and Savage, Stefan and 
    Koscher, Karl and Czeskis, Alexei and Roesner, Franziska and Kohno, Tadayoshi},
  booktitle={{USENIX} Security Symposium},
  year={2011}
}

@inproceedings{checkoway14practical,
  title={On the practical exploitability of {Dual EC} in {TLS} implementations},
  author={Checkoway, Stephen and Fredrikson, Matthew and Niederhagen, Ruben and Everspaugh, Adam and Green, Matthew and Lange, Tanja and Ristenpart, Thomas and Bernstein, Daniel J and Maskiewicz, Jake and Shacham, Hovav},
  booktitle={USENIX Security Symposium},
  year={2014}
}


@inproceedings{chen13splitx,
  author    = {Ruichuan Chen and
               Istemi Ekin Akkus and
               Paul Francis},
  title     = {Split{X}: {H}igh-Performance Private Analytics},
  booktitle = {\bibconf{SIGCOMM}{ACM SIGCOMM}},
  location  = {Hong Kong, China},
  month     = aug,
  year      = 2013
}

@incollection{ chevallier06encoding,
  author = {Chevallier-Mames, Benoît and Paillier, Pascal and Pointcheval, David},
  title = {Encoding-Free ElGamal Encryption Without Random Oracles},
  booktitle = {Public Key Cryptography - PKC 2006},
  series = {Lecture Notes in Computer Science},
  editor = {Yung, Moti and Dodis, Yevgeniy and Kiayias, Aggelos and Malkin, Tal},
  publisher = {Springer Berlin / Heidelberg},
  pages = {91-104},
  volume = {3958},
  year = {2006}
}

@article{chokhani99internet,
  title={Internet {X.509} public key infrastructure certificate policy and certification practices framework},
  author={Chokhani, Santosh and Ford, Warwick},
  year={1999},
  note={RFC 2527},
}

@article{christin13incognisense,
		author = {Delphine Christin and
		          Christian Ro{\ss}kopf and
		          Matthias Hollick and
		          Leonardo A. Martucci and
		          Salil S. Kanhere},
		title = {Incogni{S}ense: {A}n anonymity-preserving reputation 
				     framework for participatory sensing applications},
		journal = {Pervasive and Mobile Computing},
		volume = {9},
		number = {3},
		pages = {353--371},
		year = 2013
}

@misc{clark10beacon,
    author = {Jeremy Clark and Urs Hengartner},
    title = {\href{https://eprint.iacr.org/2010/361}{On the Use of Financial Data as a Random Beacon}},
    howpublished = {Cryptology ePrint Archive, Report 2010/361},
    year = {2010},
}

@inproceedings{clark13sok,
  title={{SoK}: {SSL} and {HTTPS}: Revisiting past challenges and evaluating certificate trust model enhancements},
  author={Clark, Jeremy and van Oorschot, Paul C},
  booktitle = {{IEEE} Symposium on Security and Privacy},
  booktitle = {IEEE \bibconf[34th]{SP}{Symposium on Security and Privacy}},
  month = may,
  year = {2013},
}

@inproceedings{clauss13kanonymous,
  author    = {Sebastian Clau{\ss} and
			         Stefan Schiffner and
							 Florian Kerschbaum},
  title     = {\emph{k}-anonymous reputation},
  booktitle = {\bibconf[8th]{AsiaCCS}{ACM Symposium on Information, 
			Computer and Communications Security}},
  location  = {Hangzhou, China},
  month     = may,
  year      = 2013
}

@inproceedings{clement09making,
  title={\href{https://www.usenix.org/legacy/events/nsdi09/tech/full_papers/clement/clement.pdf}{Making {Byzantine} Fault Tolerant Systems Tolerate Byzantine Faults}},
  author={Clement, Allen and Wong, Edmund L and Alvisi, Lorenzo and Dahlin, Michael and Marchetti, Mirco},
  booktitle={6th USENIX Symposium on Networked Systems Design and Implementation},
  month = apr,
  year={2009},
  url={https://www.usenix.org/legacy/events/nsdi09/tech/full_papers/clement/clement.pdf},
}

@inproceedings{ corrigangibbs13conscript,
	author = {Corrigan-Gibbs, Henry and Ford, Bryan},
	title = {Conscript your friends into larger anonymity sets with {JavaScript}},
	booktitle = {\bibconf{WPES}{Workshop in Privacy in the Electronic Society}},
	month = nov,
	year = {2013},
  comment = {workshop},
}

@misc{ corrigangibbs13conscript-ext,
  year = {2013},
  month = sep,
  title = {Conscript Your Friends into Larger Anonymity Sets with {JavaScript}
    (Extended version)},
  howpublished = {\url{http://arxiv.org/abs/1309.0958}},
  author = {Henry Corrigan-Gibbs and Bryan Ford},
}

@inproceedings{ corrigangibbs13ensuring,
	author = {Corrigan-Gibbs, Henry and Mu, Wendy and Boneh, Dan and Ford, Bryan},
	title = {Ensuring High-Quality Randomness in Cryptographic Key Generation},
	booktitle = {\bibconf[20th]{CCS}{ACM Conference on 
		Computer and Communications Security}},
	month = nov,
	year = {2013},
  comment = {conference},
  day = {4},
  venueurl = {www.sigsac.org/ccs/CCS2013/},
}

@inproceedings{ corrigangibbs13proactively,
	author = {Corrigan-Gibbs, Henry and Wolinsky, David Isaac
			and Ford, Bryan},
	title={Proactively Accountable Anonymous Messaging in {Verdict}},
	booktitle={22nd USENIX Security Symposium},
	month = aug,
	year = 2013,
	location = {Washington, DC},
}

@techreport{ corrigangibbs13proactively-tr,
	title={Proactively Accountable Anonymous Messaging in {Verdict}},
	author={Henry Corrigan-Gibbs and David Isaac Wolinsky and Bryan Ford},
  number = {YALEU/DCS/TR1478},
	month = jun,
	year = 2013,
  institution = {Department of Computer Science, Yale University},
}

@misc{coyne14keybase,
	title = {\href{https://keybase.io}{Keybase.io}},
	author = {Chris Coyne and Maxwell Krohn},
	year = 2014,
}

@inproceedings{ cramer94proofs,
  title={Proofs of partial knowledge and simplified design of witness hiding protocols},
  author={Cramer, Ronald and Damg{\aa}rd, Ivan and Schoenmakers, Berry},
  booktitle = {\bibconf{CRYPTO}{IACR International Cryptology Conference}},
  pages={174--187},
  year={1994},
}

@inproceedings{ cramer97advances,
	author = {Ronald Cramer and
	          Rosario Gennaro and
	          Berry Schoenmakers},
	title={A Secure and Optimally Efficient Multi-Authority Election Scheme},
	booktitle = {\bibconf{EUROCRYPT}{{Conference on Theory and applications 
			         of cryptographic techniques}}},
	location = {Konstanz, Germany},
	month = may,
	year = 1997
}

@incollection{ cramer98zero,
  year={1998},
 booktitle = {\bibconf{CRYPTO}{IACR International Cryptology Conference}},
  volume={1462},
  series={Lecture Notes in Computer Science},
  editor={Krawczyk, Hugo},
  title={Zero-knowledge proofs for finite field arithmetic, or: Can zero-knowledge be for free?},
  author={Cramer, Ronald and Damgård, Ivan},
  pages={424-441}
}

@article{cramer01design,
  author = {Ronald Cramer and Victor Shoup},
  title = {Design and Analysis of Practical Public-Key Encryption Schemes Secure against Adaptive Chosen Ciphertext Attack},
  journal = {SIAM Journal on Computing},
  year = {2001},
  volume = {33},
  pages = {167--226}
}

@inproceedings{cristofaro12fast,
  author = {Emiliano De Cristofaro and 
            Paolo Gasti and
            Gene Tsudik},
  title = {Fast and Private Computation of Cardinality of Set Intersection
           and Union},
  booktitle = {CANS},
  month = dec,
  year = 2012
}

@inproceedings{ croman16scaling,
    author = {Kyle Croman and Christian Decke and Ittay Eyal and Adem Efe Gencer and Ari Juels and Ahmed Kosba and Andrew Miller and Prateek Saxena and Elaine Shi and Emin Gun Sirer and Dawn Song an and Roger Wattenhofer},
    title = {\href{http://fc16.ifca.ai/bitcoin/papers/CDE+16.pdf}{On Scaling Decentralized Blockchains (A Position Paper)}},
    booktitle = {3rd Workshop on Bitcoin and Blockchain Research},
    year = {2016},
    url = {http://fc16.ifca.ai/bitcoin/papers/CDE+16.pdf},
}

@inproceedings{ crosby09efficient,
	author = {Scott A. Crosby and Dan S. Wallach},
	title = {Efficient Data Structures for Tamper-Evident Logging},
	booktitle = {USENIX Security Symposium},
	month = aug,
	year = 2009,
	location = {Montreal, Canada},
}

%D

@techreport{drijvers18on,
  title={On the Provable Security of Two-Round Multi-Signatures
},
  author={Drijvers, Manu and Edalatnejad, Kasra and Ford, Bryan and Neven, Gregory}
}

@inproceedings{dinur03revealing,
  title={\href{https://dl.acm.org/citation.cfm?id=773173}{Revealing information while preserving privacy}},
  author={Dinur, Irit and Nissim, Kobbi},
  booktitle={Proceedings of the twenty-second ACM SIGMOD-SIGACT-SIGART symposium on Principles of database systems},
  pages={202--210},
  year={2003},
  organization={ACM}
}

@article{dubovitskaya17secure,
  title={\href{https://arxiv.org/pdf/1709.06528.pdf}{Secure and Trustable Electronic Medical Records Sharing using Blockchain}},
  author={Dubovitskaya, Alevtina and Xu, Zhigang and Ryu, Samuel and Schumacher, Michael and Wang, Fusheng},
  journal={arXiv preprint arXiv:1709.06528},
  year={2017}
}


@article{dierks08transport,
  title={The transport layer security (TLS) protocol version 1.2},
  author={Dierks, Tim},
  year={2008}
}



@article{danezis16centrally,
  title={\href{https://eprint.iacr.org/2015/502.pdf}{Centrally Banked Cryptocurrencies}},
  author={Danezis, George and Meiklejohn, Sarah},
  journal={\bibconf[23rd]{NDSS}{Annual Network \& Distributed System Security
	Symposium}},
  location = {San Diego, CA},
	month = Feb,
	year=2016
}

@inproceedings{ dacosta12trust,
	author = {Italo Dacosta and Mustaque Ahamad and Patrick Traynor},
	title = {Trust No One Else: Detecting {MITM} Attacks against {SSL/TLS}
			without Third-Parties},
	booktitle = {\bibconf[17th]{ESORICS}{European Symposium on
			Research in Computer Security}},
	month = sep,
	year = 2012,
	location = {Pisa, Italy},
}

@misc{ dai96pipenet,
 author = {Wei Dai},
 title = {{PipeNet 1.1}},
 year = 1996,
 month = aug,
 note = {UseNet post. \url{http://www.weidai.com/pipenet.txt}},
}

@inproceedings{ damgaard01generalisation,
  title={A Generalisation, a Simpli. cation and Some Applications of Paillier's Probabilistic Public-Key System},
  author={Damg{\aa}rd, Ivan and Jurik, Mads},
  booktitle={Public Key Cryptography},
  pages={119--136},
  year={2001},
  organization={Springer}
}

@inproceedings{damgard09asynchronous,
	title={Asynchronous multiparty computation: Theory and implementation},
	author={Damg{\aa}rd, Ivan and Geisler, Martin and Kroig{\aa}rd, Mikkel and Nielsen, Jesper Buus},
	booktitle={International Conference on Practice and Theory in Public-Key Cryptography},
	publisher={Springer},
	month={March},
	year={2009}
}

@misc{damgard02sigma,
  title={\href{http://www.cs.au.dk/~ivan/Sigma.pdf}{On {$\Sigma$}-protocols}},
  author={Damg\r{a}rd, Ivan},
  year = 2010,
}


@inproceedings{ danezis04statistical,
  title = {Statistical Disclosure or Intersection Attacks on Anonymity Systems},
  author = {Danezis, George and Serjantov, Andrei}, 
  booktitle = {Workshop on Information Hiding},
  year = {2004}, 
  month = {May}, 
  location = {Toronto, Ontario, Canada},
}

@article{ davidson13strongbox,
	author = {Amy Davidson},
	title = {Introducing Strongbox},
	journal = {The New Yorker},
	month = may,
	day = 15,
	year = 2013,
}

@article{denning96key,
  title={Key escrow encryption systems},
  author={Denning, Dorothy E and Branstad, Dennis K},
  journal={Communications of the ACM},
  volume={39},
  number={3},
  pages={35},
  year={1996}
}


@inproceedings{ desmedt87tampering,
  title={Public-key systems based on the difficulty of tampering (Is there a difference between {DES} and {RSA}?)},
  author={Desmedt, Yvo and Quisquater, Jean-Jacques},
  booktitle={\bibconf{CRYPTO}{Advances in Cryptology}},
  year={1987},
}

@article{ dey10pseudoid,
  title={{PseudoID}: Enhancing privacy in federated login},
  author={Dey, Arkajit and Weis, Stephen},
  journal={\bibconf{HotPETs}{Hot topics in privacy enhancing technologies}},
  year={2010}
}

@inproceedings{di2006deniable,
  title={Deniable authentication and key exchange},
  author={Di Raimondo, Mario and Gennaro, Rosario and Krawczyk, Hugo},
  booktitle = {\bibconf{CCS}{ACM conference on computer and 
    communications security}},
  year={2006},
}

@inproceedings{diaz02measuring,
 author = {D\'{\i}az, Claudia and Seys, Stefaan and Claessens, Joris and Preneel, Bart},
 title = {Towards measuring anonymity},
 booktitle = {Proceedings of the 2nd international conference on Privacy enhancing technologies},
 series = {PET'02},
 year = {2003},
} 

@incollection{diaz07accountable,
  title={Accountable anonymous communication},
  author={Diaz, Claudia and Preneel, Bart},
  booktitle={Security, Privacy, and Trust in Modern Data Management},
  pages={239--253},
  year={2007},
  publisher={Springer}
}

@inproceedings{dingledine03reputation,
  author = {Roger Dingledine and Nick Mathewson and Paul Syverson},
  title = {Reputation in P2P Anonymity Systems},
  booktitle = {In Workshop on Economics of Peer-to-Peer Systems},
  year = {2003}
}

@inproceedings{ dingledine09performance,
	author = {Roger Dingledine and Steven J. Murdoch},
	title = {Performance Improvements on {Tor} or,
		Why {Tor} is slow and what we're going to do about it},
	booktitle = {DEFCON 17},
	month = jul,
	year = 2009,
	location = {Las Vegas, NV},
	url = {http://www.hackerjeopardy.com/images/defcon-17/dc-17-presentations/defcon-17-roger_dingledine-tor.pdf},
}

@article{dierks2008transport,
  title={The transport layer security (TLS) protocol version 1.2},
  author={Dierks, Tim},
  year={2008}
}

@article{diffie76new,
  title={New directions in cryptography},
  author={Diffie, Whitfield and Hellman, Martin E},
  journal={IEEE \bibconf{IT}{Transactions on Information Theory}},
  year={1976},
}

@misc{digistamp,
  key = {digistamp},
  title = {Digi{S}tamp - {T}rusted {T}ime{S}tamp {A}uthority},
  howpublished = {\url{https://www.digistamp.com/}}
}

@article{ doctorow16using,
	author = {Cory Doctorow},
	title = {\href{http://boingboing.net/2016/03/10/using-distributed-code-signatu.html}{Using distributed code-signatures to make it much harder to order secret backdoors}},
	journal = {BoingBoing},
	month = mar,
	year = 2016,
}

@inproceedings{ dodis04anonymous,
  title={Anonymous identification in ad hoc groups},
  author={Dodis, Y. and Kiayias, A. and Nicolosi, A. and Shoup, V.},
  booktitle={Eurocrypt},
  pages={609--626},
  year={2004},
}

@inproceedings{dodis05verifiable,
  title={A verifiable random function with short proofs and keys},
  author={Dodis, Yevgeniy and Yampolskiy, Aleksandr},
  booktitle={International Workshop on Public Key Cryptography},
  pages={416--431},
  year={2005},
  organization={Springer}
}

@inproceedings{dong13private,
  author = {Changyu Dong and Liqun Chen and Zikai Wen},
  title = {When Private Set Intersection Meets Big Data: An Efficient and Scalable Protocol},
  booktitle = {\bibconf{CCS}{ACM Conference on Computer and Communications Security}},
  year = {2013},
  moth = nov
}

@inproceedings{ dong13protecting,
	author = {Xinshu Dong and Zhaofeng Chen and Hossein Siadati and
		Shruti Tople and Prateek Saxena and Zhenkai Liang},
	title = {Protecting Sensitive Web Content from
		Client-side Vulnerabilities with {CRYPTONs}},
	booktitle = {\bibconf[20th]{CCS}{ACM conference on 
		Computer and communications security}},
	month = nov,
	year = 2013,
	location = {Berlin, Germany},
}

@inproceedings{ dorrendorf07cryptanalysis,
  author = {Dorrendorf, Leo and Gutterman, Zvi and Pinkas, Benny},
  title = {Cryptanalysis of the {Windows} Random Number Generator},
  booktitle = {Proceedings of the 14th ACM Conference on Computer and Communications Security},
  series = {{CCS}},
  year = {2007},
  pages = {476--485},
}

@article{ dufaux08scrambling,
	author = {Fr\'ed\'eric Dufaux and Touradj Ebrahimi},
	title = {Scrambling for Privacy Protection in
			Video Surveillance Systems},
	journal = {IEEE Transactions on Circuits and Systems
			for Video Technology},
	volume = 18,
	number = 8,
	year = 2008,
	pages = {1168--1174},
}

@inproceedings{dunn12eternal,
  title={Eternal sunshine of the spotless machine: Protecting privacy with ephemeral channels},
  author={Dunn, Alan M and Lee, Michael Z and Jana, Suman and Kim, Sangman and Silberstein, Mark and Xu, Yuanzhong and Shmatikov, Vitaly and Witchel, Emmett},
  booktitle={Proc. of the USENIX Symposium on Operating Systems Design and Implementation (OSDI)},
  year={2012}
}

@misc{durham11namecoin,
    title = {\href{https://namecoin.info/}{Namecoin}},  
    author={Vincent Durham},
    year={2011},
}

@inproceedings{ dyer12peekaboo,
	author = {Kevin P. Dyer and Scott E. Coull and Thomas Ristenpart
			and Thomas Shrimpton},
	title = {Peek-a-Boo, {I} Still See You:
			Why Efficient Traffic Analysis Countermeasures Fail},
	booktitle = {IEEE Symposium on Security and Privacy},
	month = may,
	year = 2012,
}

@inproceedings{ dziembowski15proofs,
	author = {Stefan Dziembowski and Sebastian Faust and
		Vladimir Kolmogorov and Krzysztof Pietrzak},
	title = {\href{https://eprint.iacr.org/2013/796.pdf}{Proofs of Space}},
	booktitle = {35th International Cryptology Conference (CRYPTO)},
	month = aug,
	year = 2015,
}

%E

@article{emotiq18emotiq,
  title={\href{https://emotiq.ch/}{Emotiq Yellowpaper (v1.0)}},
  author={The Team},
  year={2018}
}

@misc{eff11observatory,
	title = {\href{https://www.eff.org/observatory}{The EFF SSL Observatory}},  
	author={{Electronic Frontier Foundation}},
	year={2011},
}

@inproceedings{egele13empirical,
  title={An Empirical Study of Cryptographic Misuse in {Android} Applications},
  author={Egele, Manuel and Brumley, David and Fratantonio, Yanick and Kruegel, Christopher},
  booktitle = {\bibconf[20th]{CCS}{ACM conference on computer and 
    communications security}},
  year={2013},
  month=nov,
}

@inproceedings{el12efficient,
  title={\href{https://link.springer.com/chapter/10.1007%2F978-3-642-30955-7_14}{An efficient lattice-based secret sharing construction}},
  author={El Bansarkhani, Rachid and Meziani, Mohammed},
  booktitle={IFIP International Workshop on Information Security Theory and Practice},
  pages={160--168},
  year={2012},
  organization={Springer}
}

@article{elgamal85crypto, 
    author={Taher Elgamal}, 
    journal={IEEE Transactions on Information Theory}, 
    title={\href{https://ieeexplore.ieee.org/abstract/document/1057074/}{A public key cryptosystem and a signature scheme based on discrete logarithms}}, 
    year={1985}, 
    volume={31}, 
    number={4}, 
    pages={469-472}, 
    doi={10.1109/TIT.1985.1057074}, 
    ISSN={0018-9448}, 
    month={July},
}

@article{elkins96mime,
  title={MIME security with pretty good privacy},
  author={Elkins, M.},
  year={1996}
}

@article{EU16GDPR,
  title={\href{https://www.eugdpr.org/}{General Data Protection Regulation (GDPR)}},
  author={{European Parliament and Council of the European Union}},
  journal={Official Journal of the European Union (OJ)},
  volume={\href{https://eur-lex.europa.eu/legal-content/EN/TXT/?uri=CELEX:32016R0679}{L119}},
  pages={1--88},
  year={2016},
}

@inproceedings{ evans09practical,
	author = {Nathan S. Evans and Roger Dingledine and Christian Grothoff},
	title = {A Practical Congestion Attack on {Tor} Using Long Paths},
	booktitle={18th USENIX Security Symposium},
	month = aug,
	year = 2009,
	location = {Montreal, Canada},
}

@article{everspaugh15pythia,
  title={\href{https://eprint.iacr.org/2015/644.pdf}{The Pythia PRF Service.}},
  author={Everspaugh, Adam and Chatterjee, Rahul and Scott, Samuel and Juels, Ari and Ristenpart, Thomas and Tech, Cornell},
  journal={IACR Cryptology ePrint Archive},
  volume={2015},
  pages={644},
  year={2015}
}

@inproceedings{eyal16bitcoinng,
  title = {\href{https://www.usenix.org/system/files/conference/nsdi16/nsdi16-paper-eyal.pdf}{{Bitcoin-NG}: A Scalable Blockchain Protocol}},
  author = {Eyal, Ittay and Gencer, Adem Efe and Sirer, Emin G\"un and van Renesse, Robbert},
  booktitle = {13th USENIX Symposium on Networked Systems Design and Implementation (NSDI 16)},
  year = {2016},
  month = Mar,
  address = {Santa Clara, CA},
  url = {https://www.usenix.org/system/files/conference/nsdi16/nsdi16-paper-eyal.pdf},
  publisher = {USENIX Association},
}


%F

@article{fan12somewhat,
  title={Somewhat Practical Fully Homomorphic Encryption.},
  author={Fan, Junfeng and Vercauteren, Frederik},
  journal={IACR Cryptology ePrint Archive},
  volume={2012},
  pages={144},
  year={2012},
  publisher={Citeseer}
}

@article{snow14factom,
  title={Factom Business Processes Secured by Immutable Audit Trails on the Blockchain},
  author={Snow, Paul and Deery, Brian and Lu, Jack and Johnston, David and Kirby, Peter},
  journal={Whitepaper, Factom, November},
  year={2014}
}


@article{franklin13unique,
  title={\href{https://eprint.iacr.org/2012/577.pdf}{A Framework for Unique Ring Signatures.}},
  author={Franklin, Matthew K and Zhang, Haibin},
  journal={IACR Cryptology ePrint Archive},
  volume={2012},
  pages={577},
  year={2012},
  url = {https://eprint.iacr.org/2012/577.pdf},
}

@inproceedings{fahl14apptransparency,
    author = {Fahl, Sascha and Dechand, Sergej and Perl, Henning and Fischer, Felix and Smrcek, Jaromir and Smith, Matthew},
    title = {\href{https://dl.acm.org/citation.cfm?id=2660311}{Hey, {NSA}: Stay Away from My Market! {Future} Proofing App Markets Against Powerful Attackers}},
    booktitle = {Proceedings of the 2014 ACM SIGSAC Conference on Computer and Communications Security},
    year = {2014},
    isbn = {978-1-4503-2957-6},
    numpages = {13},
    url = {http://doi.acm.org/10.1145/2660267.2660311},
    doi = {10.1145/2660267.2660311},
    acmid = {2660311},
    publisher = {ACM},
} 
    location = {Scottsdale, Arizona, USA},
    keywords = {android, apps, market, nsa, security, transparency},
    address = {New York, NY, USA},
    pages = {1143--1155},
    series = {CCS '14},

@misc { federrath11monitor,
  author = {Hannes Federrath},
  title = {The {Anonym-O-Meter}},
  howpublished = {\url{http://anon.inf.tu-dresden.de/help/jap_help/en/help/jap.JAPNewView_anonymometer.html}},
  year = {2013},
  month = {July}
}

@article{ feinberg15gogo,
	author = {Ashley Feinberg},
	title = {\href{http://gizmodo.com/gogo-is-using-man-in-the-middle-malware-tactics-on-its-1677559652}{{Gogo} {Wi-Fi} Is Using Man-in-the-Middle Malware Tactics on Its Own Users}},
	journal = {Gizmodo},
	month = jan,
	year = 2015,
}

@inproceedings{feldman87practical,
  title={\href{https://ieeexplore.ieee.org/abstract/document/4568297/}{A practical scheme for non-interactive verifiable secret sharing}},
  author={Feldman, Paul},
  booktitle={Foundations of Computer Science, 1987., 28th Annual Symposium on},
  pages={427--438},
  year={1987},
  organization={IEEE}
}


@inproceedings{ fiat87prove,
  title={How to prove yourself: practical solutions to identification and signature problems},
  author={Fiat, Amos and Shamir, Adi},
  booktitle = {\bibconf{CRYPTO}{IACR International Cryptology Conference}},
  pages={186--194},
  year={1987},
}

@misc{fleischer12tor,
  author = {Gregory Fleischer},
  month = {July},
  year = {2009},
  booktitle = {DEFCON 17},
  howpublished = {\url{http://ww.defcon.org/images/defcon-17/dc-17-presentations/defcon-17-gregory_fleischer-attacking_tor.pdf}},
  title = {Attacking Tor at the Application Layer},
}

@article{ ford16apple,
	author = {Bryan Ford},
	title = {\href{https://freedom-to-tinker.com/blog/bford/apple-fbi-and-software-transparency/}{Apple, FBI, and Software Transparency}},
	journal = {\href{https://freedom-to-tinker.com/}{Freedom to Tinker}},
	month = mar,
	year = 2016,
}

@inproceedings{ franklin97fair,
	author = {Matthew K. Franklin and Michael K. Reiter},
	title = {Fair Exchange with a Semi-Trusted Third Party},
	booktitle = {\bibbrev{CCS}{ACM Conference on
			Computer and Communications Security}},
	month = apr,
	year = 1997,
}

@inproceedings{ franklin06passive,
  title = {{Passive Data Link Layer 802.11 Wireless Device Driver Fingerprinting}},
  author = {Franklin, Jason and Mccoy, Damon and Tabriz, Parisa and Neagoe, Vicentiu and Van Randwyk, Jami and Sicker, Douglas},
  booktitle = {USENIX Security},
  year = {2006},
  month = {July},
  pages = {167--178},
}

@misc{freeTSA,
  key={Free Timestamping Authority},
  title = {Free {T}imestamping {A}uthority},
  howpublished = {\url{http://www.freetsa.org/}}
}

@inproceedings{freedman04efficient,
  author    = {Michael J. Freedman and
               Kobbi Nissim and
               Benny Pinkas},
  title     = {Efficient Private Matching and Set Intersection},
  booktitle = {\bibconf{EUROCRYPT}{{Conference on Theory and applications 
			         of cryptographic techniques}}},
  location  = {Interlaken, Switzerland},
  month     = may,
  year      = 2004
}

@inproceedings{ fujisaki01rsa,
  title={{RSA-OAEP} is secure under the {RSA} assumption},
  author={Fujisaki, Eiichiro and Okamoto, Tatsuaki and Pointcheval, David and Stern, Jacques},
  pages={260--274},
  booktitle = {\bibconf{CRYPTO}{IACR International Cryptology Conference}},
  year={2001},
  organization={Springer}
}

%G

@article{guo17cypherium,
  title={Cypherium: A Scalable and Permissionless Smart Contract Platform},
  author={Guo, Sky},
  journal={Draft v1. 0. www. cypherium. io/wp-content/uploads/2017/03/cypherium\_whitepaper. pdf},
  year={2017}
}

@book{gentryA09fully,
  title={\href{https://crypto.stanford.edu/craig/craig-thesis.pdf}{A fully homomorphic encryption scheme}},
  author={Gentry, Craig},
  year={2009},
  publisher={Stanford University}
}

@inproceedings{ gencer18decentralization,
	author = {Adem Efe Gencer and Soumya Basu and Ittay Eyal and
			Robbert van Renesse and Emin G\"un Sirer},
	title = {\href{https://fc18.ifca.ai/preproceedings/75.pdf}{Decentralization in Bitcoin and Ethereum Networks}},
	booktitle = {Financial Cryptography and Data Security},
	month = feb,
	year = 2018,
	url = {https://fc18.ifca.ai/preproceedings/75.pdf},
}

@inproceedings{gennaro99secure,
  title={\href{https://link.springer.com/chapter/10.1007/3-540-48910-X_21}{Secure distributed key generation for discrete-log based cryptosystems}},
  author={Gennaro, Rosario and Jarecki, Stanis{\l}aw and Krawczyk, Hugo and 
  Rabin, Tal},
  booktitle={Eurocrypt},
  volume={99},
  pages={295--310},
  year={1999},
  organization={Springer}
}

@article{gencer17aspen,
  author    = {Adem Efe Gencer and
               Robbert van Renesse and
               Emin G{\"{u}}n Sirer},
  title     = {\href{http://fc17.ifca.ai/preproceedings/paper_73.pdf}{ Short Paper: Service-Oriented Sharding for Blockchains}},
    journal={Financial Cryptography and Data Security 2017},
    year = {2017},
    url = {http://fc17.ifca.ai/preproceedings/paper_73.pdf},
    }

@techreport{gervais16security,
  title={\href{https://eprint.iacr.org/2016/555.pdf}{On the Security and Performance of Proof of Work Blockchains}},
  author={Gervais, Arthur and Karame, Ghassan O and Wüst, Karl and Glykantzis, Vasileios and Ritzdorf, Hubert and Capkun, Srdjan},
  year={2016},
  institution={IACR: Cryptology ePrint Archive}
}

@article{ gervais14bitcoin,
	author = {Arthur Gervais and Ghassan O. Karame and Srdjan Capkun
			and Vedran Capkun},
	title = {\href{https://www.ethz.ch/content/dam/ethz/special-interest/infk/inst-infsec/system-security-group-dam/research/publications/pub2014/spmagazine_gervais.pdf}{Is Bitcoin a Decentralized Currency?}},
	journal = {IEEE Security and Privacy Magazine},
	year = 2014,
	volume={12},
	number={3},
	pages={54--60},
	url = {https://www.ethz.ch/content/dam/ethz/special-interest/infk/inst-infsec/system-security-group-dam/research/publications/pub2014/spmagazine_gervais.pdf},
}

@inproceedings{gervais15tampering,
  title={\href{https://eprint.iacr.org/2015/578.pdf}{Tampering with the Delivery of Blocks and Transactions in {Bitcoin}}},
  author={Gervais, Arthur and Ritzdorf, Hubert and Karame, Ghassan O and Capkun, Srdjan},
  booktitle={22nd ACM SIGSAC Conference on Computer and Communications Security},
  pages={692--705},
  year={2015},
  organization={ACM},
  url = {https://eprint.iacr.org/2015/578.pdf},
}


@article{ gallagher13snowden,
	author = {Ryan Gallagher},
	title = {New {Snowden} Documents Show {NSA} Deemed {Google} Networks
			a ``Target''},
	journal = {Slate},
	month = sep # "~9,",
	day = 9,
	year = 2013,
}

@inproceedings{garay07practical,
	author = {Juan A. Garay and
		        Berry Schoenmakers and 
					  Jos{\'{e}} Villegas},
	title = {Practical and secure solutions for integer comparison},
	booktitle = {\bibconf[10th]{PKC}{Public Key Cryptography}},
	location = {Beijing, China},
	month = apr,
	year = 2007
}



@inproceedings{ geddes13cover,
	author = {John Geddes and Max Schuchard and Nicholas Hopper},
	title = {Cover Your {ACKs}: Pitfalls of Covert Channel
			Censorship Circumvention},
	booktitle = {\bibbrev[20th]{CCS}{ACM Conference on
		Computer and Communications Security}},
	month = nov,
	year = {2013},
}

@article{gellman13broke,
 author = {Gellman, Barton},
 title = {{NSA} broke privacy rules thousands of times per year, audit finds},
 journal = {The New York Times},
 month = Aug # {~15,},
 year = {2013}
}

@article{ gellman13secret,
  author={Gellman, Barton and Timberg, Craig and Rich, Steven},
  title={Secret {NSA} documents show campaign against {Tor} encrypted network},
  journal={The Washington Post},
  year=2013,
  month=Oct # {~4,},
}

@article{ gellman13nsa,
	author = {Barton Gellman and Ashkan Soltani},
	title = {{NSA} tracking cellphone locations worldwide,
			{Snowden} documents show},
	journal = {The Washington Post},
	year = 2013,
	month = dec # {~4,},
}

@article{gellman14offensive,
	author = {Barton Gellman and Ellen Nakashima},
	title = {\href{www.washingtonpost.com/world/national-security/us-spy-agencies-mounted-231-offensive-cyber-operations-in-2011-documents-show/2013/08/30/d090a6ae-119e-11e3-b4cb-fd7ce041d814_story.html}{U.S. spy agencies mounted 231 offensive cyber-operations in 2011, documents show}},
	journal = {The Washington Post},
	month = aug,
	year = 2013,
	day = 30,
}

@article{soltani13new,
	author={Soltani, Ashkan and Gellman, Barton},
	title={\href{http://www.washingtonpost.com/blogs/the-switch/wp/2013/12/10/new-documents-show-how-the-nsa-infers-relationships-based-on-mobile-location-data/}{New documents show how the {NSA} infers relationships based on mobile location data}},
	journal = {The Washington Post},
	year = 2013,
	month = dec # {~10,},
}

@inproceedings{georgiev12most,
  title={The most dangerous code in the world: validating 
    {SSL} certificates in non-browser software},
  author={Georgiev, Martin and Iyengar, Subodh and Jana, Suman and 
    Anubhai, Rishita and Boneh, Dan and Shmatikov, Vitaly},
  booktitle={\bibconf[19th]{CCS}{ACM conference on Computer and communications security}},
  year={2012},
  month=oct,
}


@inproceedings{geambasu09vanish,
  title={\href{https://www.usenix.org/legacy/events/sec09/tech/full_papers/sec09_crypto.pdf}{Vanish: Increasing Data Privacy with Self-Destructing Data.}},
  author={Geambasu, Roxana and Kohno, Tadayoshi and Levy, Amit A and Levy, Henry M},
  booktitle={USENIX Security Symposium},
  pages={299--316},
  year={2009}
}

@inproceedings{ghosh14torpath,
	author = {Mainak Ghosh and Miles Richardson and Bryan Ford
			and Rob Jansen},
	title = {A {TorPath} to {TorCoin}:
		Proof-of-Bandwidth Altcoins for Compensating Relays},
	booktitle = {Workshop on Hot Topics in Privacy Enhancing Technologies
		(HotPETs)},
	year = 2014,
	location = {Amsterdam, Netherlands},
}

@misc{gilad17algorand,
	author = {Yossi Gilad and Rotem Hemo and Silvio Micali and Georgios Vlachos and Nickolai Zeldovich},
	title = {\href{https://dl.acm.org/authorize?N47148}{Algorand: Scaling Byzantine Agreements for Cryptocurrencies}},
	booktitle = {26th ACM Symposium on Operating Systems Principles (SOSP)},
	month = oct,
	year = {2017},
	url = {https://dl.acm.org/authorize?N47148},
}

@misc{ gill13characterizing,
	author = {Phillipa Gill and others},
	title = {Characterizing Censorship of {Web} Content Worldwide},
	year = 2013,
	note = {\url{http://www.cs.stonybrook.edu/~phillipa/papers/GCDG_May8.pdf}},
}

@inproceedings{goldreich01secure,
  author = {Oded Goldreich},
  title = {Secure multi-party computation},
  month = jun,
  year = 2001,
  note = {\url{http://www.wisdom.weizmann.ac.il/~odedg/pp.html}}
}

@inproceedings{goldberg09multi,
  title={Multi-party off-the-record messaging},
  author={Goldberg, Ian and Ustao{\u{g}}lu, Berkant and Van Gundy, Matthew D and Chen, Hao},
  booktitle = {\bibconf{CCS}{ACM Conference on Computer and Communications Security}},
  year={2009},
}

@article{ goodin13attackers,
	author = {Dan Goodin},
	title = {Attackers wield {Firefox} exploit
			to uncloak anonymous {Tor} users},
	journal = {ars technica},
	month = aug,
	day = 5,
	year = 2013,
}

@article{ goodin13crack,
	author = {Dan Goodin},
	title = {\href{http://arstechnica.com/security/2012/09/crime-hijacks-https-sessions/}{Crack in {Internet’s} foundation of trust allows {HTTPS} session hijacking}},
	month = sep,
	year = 2012,
	journal = {ars technica},
}

@article{ macaskill13gchq,
	author = {Ewen MacAskill and Julian Borger and Nick Hopkins and
			Nick Davies and James Ball},
	title = {{GCHQ} taps fibre-optic cables for secret access
			to world's communications},
	journal = {The Guardian},
	month = jun,
	day = 21,
	year = 2013,
	note = {\url{http://www.guardian.co.uk/uk/2013/jun/21/gchq-cables-secret-world-communications-nsa}},
}

@article{goldberg96randomness,
  title = {Randomness and the {Netscape} browser},
  author = {Goldberg, Ian and Wagner, David},
  journal = {Dr. {Dobb}'s Journal--Software Tools for the Professional Programmer},
  volume = {21},
  number = {1},
  pages = {66--71},
  year = {1996},
}

@article{ greer14heartbleed,
	author = {Dan Greer},
	title = {Heartbleed as Metaphor},
	journal = {Lawfare},
	month = apr,
	day = 21,
	year = 2014,
	note = {\url{http://www.lawfareblog.com/2014/04/heartbleed-as-metaphor/},
		      accessed on Sep 9, 2014}
}

@article{ greenberg15tor,
	title = {\href{http://www.wired.com/2015/11/tor-says-feds-paid-carnegie-mellon-1m-to-help-unmask-users/}{Tor Says Feds Paid Carnegie Mellon \$1M to Help Unmask Users}},
	journal = {Wired},
	month = nov,
	year = 2015,
}

@inproceedings{groth04evaluating,
	author = {Jens Groth},
	title = {Evaluating security of voting schemes in the universal 
			     composability framework},
	booktitle = {\bibconf[2nd]{ACNS}{Applied Cryptography 
			and Network Security}},
	location = {Yellow Mountain, China},
  month = Jun,
	year = 2004
}

@phdthesis{ groth04honest,
  title = {Honest verifier zero-knowledge arguments applied},
  author = {Jens Groth},
  school = {University of Aarhus},
  year = {2004},
  month = {October},
}

@inproceedings{groth05noninteractive,
	author = {Jens Groth},
	title = {Non-interactive zero-knowledge arguments for voting},
	booktitle = {\bibconf[3rd]{ACNS}{Applied Cryptography 
			and Network Security}},
	location = {New York, NY},
  month = Jun,
	year = 2005
}

@article{guerraoui02non,
  title={\href{https://pdfs.semanticscholar.org/1998/ddf989eb4bb7ba8fe1e678c26f2029e9911f.pdf}{Non-blocking atomic commit in asynchronous distributed systems with failure detectors}},
  author={Guerraoui, Rachid},
  journal={Distributed Computing},
  volume={15},
  number={1},
  pages={17--25},
  year={2002},
  publisher={Springer}
}

@inproceedings{guerraoui13byzantine,
    author = {Guerraoui, Rachid and Huc, Florian and Kermarrec, Anne-Marie},
    title = {Highly Dynamic Distributed Computing with Byzantine Failures},
    booktitle = {Proceedings of the 2013 ACM Symposium on Principles of Distributed Computing},
    series = {PODC '13},
    year = {2013},
    pages = {176--183},
    numpages = {8},
    publisher = {ACM},
    address = {New York, NY, USA},
    isbn = {978-1-4503-2065-8},
    url = {http://doi.acm.org/10.1145/2484239.2484263},
    doi = {10.1145/2484239.2484263},
    acmid = {2484263},
} 

@inproceedings{ gutterman05hold,
  author = {Zvi Gutterman and Dahlia Malkhi},
  title = {Hold Your Sessions: An Attack on {Java} Session-Id Generation},
  booktitle = {{CT-RSA}},
  year = 2005,
  pages = {44-57},
}

@inproceedings{ gutterman06analysis,
  author = {Zvi Gutterman and Benny Pinkas and Tzachy Reinman},
  title = {Analysis of the {Linux} Random Number Generator},
  booktitle = {{IEEE} Symposium on Security and Privacy},
  year = {2006},
  pages = {371-385},
}

%H

@article{harmony18harmony,
  title={\href{https://harmony.one/}{Open Consensus for 10 Billion People}},
  author={The Harmony Team},
  year={2018}
}

@article{ haber91how,
	author = {Stuart Haber and W. Scott Stornetta},
	title = {How to Time-Stamp a Digital Document},
	journal = {Journal of Cryptology},
	year = 1991,
}

@inproceedings{haeberlen11fuzz,
		  author = {Andreas Haeberlen and 
					      Benjamin C. Pierce and 
							  Arjun Narayan},
			title = {Differential Privacy Under Fire},
		  booktitle = {\bibconf[20th]{USENIX Security}{Proceedings of USENIX Security Symposium}},
		  location = {San Francisco, CA},
			month = aug,
		  year = 2011
}

@inproceedings{halderman07harvesting,
    author = {Halderman, J. Alex and Waters, Brent},
    title = {{Harvesting Verifiable Challenges from Oblivious Online Sources}},
    booktitle = {Proceedings of the 14th ACM Conference on Computer and Communications Security},
    series = {CCS '07},
    year = {2007},
    pages = {330--341},
    publisher = {ACM},
    address = {New York, NY, USA},
    isbn = {978-1-59593-703-2},
    location = {Alexandria, Virginia, USA},
    numpages = {12},
    url = {http://doi.acm.org/10.1145/1315245.1315287},
    doi = {10.1145/1315245.1315287},
    acmid = {1315287},
} 

@inproceedings{hardjono2016cloud,
  title={\href{https://hardjono.mit.edu/sites/default/files/documents/hardjono-smith-acm-iotpts2016.pdf}{Cloud-based commissioning of constrained devices using permissioned 
  blockchains}},
  author={Hardjono, Thomas and Smith, Ned},
  booktitle={Proceedings of the 2nd ACM International Workshop on IoT Privacy, 
  Trust, and Security},
  pages={29--36},
  year={2016},
  organization={ACM}
}

@inproceedings{ hatsukazu87ibe,
  author    = {Hatsukazu Tanaka},
  title     = {A Realization Scheme for the Identity-Based Cryptosystem},
  booktitle = {\bibconf{CRYPTO}{Advances in Cryptology}},
  year      = {1987},
}

@article{he04quest,
  title = {The quest for personal control over mobile location privacy},
  author = {Qi He and Dapeng Wu and Khosla, P.},
  journal = {Communications Magazine, IEEE}, 
  year = {2004},
  month = {may},
  volume = {42},
  number = {5},
  pages = {130 -- 136},
}

@inproceedings{henry10making,
  title={Making a nymbler nymble using verbs},
  author={Henry, Ryan and Henry, Kevin and Goldberg, Ian},
  booktitle={PETS},
  year=2010
}

@inproceedings{henecka10tasty,
   author={Henecka, Wilko and K\"ogl, Stefan and Sadeghi, Ahmad-reza and Schneider, Thomas and Wehrenberg, Immo},
   title={Tasty: Tool for Automating Secure Two-partY computations},
   booktitle={{ACM} Conference on Computer and Communications Security}, 
   month={August},
   year={2010}
}

@inproceedings{ heninger12mining,
  author = {Heninger, Nadia and Durumeric, Zakir and Wustrow, Eric and Halderman, J. Alex},
  title = {Mining Your {$P$}s and {$Q$}s: Detection of Widespread Weak Keys in Network Devices},
  year = 2012,
  month = aug,
  booktitle = {21st {USENIX} Security Symposium} 
}

@inproceedings{ herrmann09website,
	author = {Dominik Herrmann and Rolf Wendolsky and Hannes Federrath},
	title = {Website Fingerprinting: Attacking Popular
			Privacy Enhancing Technologies
			with the Multinomial Na\"ive-Bayes Classifier},
	booktitle = {CCSW},
	month = nov,
	year = 2009,
}

@article{herzberg95proactive,
  title={\href{https://link.springer.com/chapter/10.1007/3-540-44750-4_27}{Proactive secret sharing or: How to cope with perpetual leakage}},
  author={Herzberg, Amir and Jarecki, Stanis{\l}aw and Krawczyk, Hugo and Yung, Moti},
  journal={Advances in Cryptology --- CRYPTO'95},
  pages={339--352},
  year={1995},
  publisher={Springer}
}

@misc{ hoffman-andrews14verizon,
	author = {Jacob Hoffman-Andrews},
	title = {Verizon Injecting Perma-Cookies to Track Mobile Customers,
			Bypassing Privacy Controls},
	publisher = {Electronic Frontier Foundation},
	month = nov,
	year = 2014,
}

@inproceedings{holzer12secure,
   author={Holzer, Andreas and Franz, Martin and Katzenbeisser, Stefan and Veith, Helmut},
   title={Secure two-party computations in {ANSI C}},
   booktitle={{ACM} Conference on Computer and Communications Security},
   month={October},
   year={2012}
}


@inproceedings{ hopper06on,
	author = {Nicholas Hopper and Eugene Y. Vasserman},
	title = {On the Effectiveness of $k$-Anonymity Against
			Traffic Analysis and Surveillance},
	booktitle = {WPES},
	month = oct,
	year = 2006,
	location = {Alexandria, VA},
}

@inproceedings{houmansadr13freewave,
  title={{I Want my Voice to be Heard: IP over Voice-over-IP for Unobservable Censorship Circumvention}},
  author={Amir Houmansadr and Thomas Riedl and Nikita Borisov and Andrew Singer},
  booktitle={\bibbrev{NDSS}{Network and Distributed System Security Symposium}},
  year={2013}
}

@inproceedings{ houmansadr13parrot,
	author = {Houmansadr, Amir and Brubaker, Chad and Shmatikov, Vitaly},
	title = {The Parrot is Dead:
			Observing Unobservable Network Communications},
	booktitle = {IEEE \bibconf[34th]{SP}{Symposium on Security and Privacy}},
	month = may,
	year = {2013},
}

@inproceedings{ huhnlein03ibe,
  title={Towards practical non-interactive public key cryptosystems using non-maximal imaginary quadratic orders},
  author={H{\"u}hnlein, Detlef and Jacobson, Michael and Weber, Damian},
  booktitle={Journal Designs, Codes and Cryptography},
  year={2003},
}

@inproceedings{ huisman06temporal,
	author = {Marieke Huisman and
	          Pratik Worah and
	          Kim Sunesen},
	title = {A temporal logic characterisation of observational determinism},
	booktitle = {IEEE \bibconf[19th]{CSFW}{computer Security Foundation Workshop}},
	month = jul,
	year = {2006},
}


%I

@inproceedings{ ioannidis06privacy,
  author = {Ioannidis, Sotiris and 
    Sidiroglou, Stelios and Keromytis, Angelos D.},
  title = {Privacy as an operating system service},
  booktitle = {Proceedings of the 1st USENIX 
    Workshop on Hot Topics in Security},
  series = {HOTSEC'06},
  year = {2006},
  location = {Vancouver, B.C., Canada},
  pages = {8--8},
  publisher = {USENIX Association},
  address = {Berkeley, CA, USA},
} 



%J

@article{josang07survey,
  title={A survey of trust and reputation systems for online service provision},
  author={J{\o}sang, Audun and Ismail, Roslan and Boyd, Colin},
  journal={Decision support systems},
  volume={43},
  number={2},
  pages={618--644},
  year={2007},
  publisher={Elsevier}
}

@inproceedings{jansen14onions,
	author = {Rob Jansen and Andrew Miller and Paul Syverson
			and Bryan Ford},
	title = {From Onions to Shallots: Rewarding {Tor} Relays with {TEARS}},
	booktitle = {Workshop on Hot Topics in Privacy Enhancing Technologies
			(HotPETs)},
	month = jul,
	year = 2014,
	location = {Amsterdam, Netherlands},
}

@inproceedings{jakobsson00addition,
  title={Addition of {El Gamal} Plaintexts},
  author={Jakobsson, Markus and Juels, Ari},
  booktitle={\bibconf{ASIACRYPT}{Advances in Cryptology}},
  year={2000},
}

@inproceedings{jakobsson99quorum,
  title={\href{https://link.springer.com/chapter/10.1007/3-540-49162-7_9}{On quorum controlled asymmetric proxy re-encryption}},
  author={Jakobsson, Markus},
  booktitle={Public key cryptography},
  pages={632--632},
  year={1999},
  organization={Springer}
}

@inproceedings{ji15your,
  author 	=	{Shouling Ji and
	           Weiqing Li and
	           Neil Zhenqiang Gong and
	           Prateek Mittal and
	           Raheem A. Beyah},
	title		= {On Your Social Network De-anonymizablity: 
			{Q}uantification and Large Scale Evaluation with Seed Knowledge},
	booktitle = {\bibconf[22nd]{NDSS}{Network and Distributed System Security
			Symposium}},
	location	=	{San Diego, CA},
	month = apr,
	year = 2015
}

@inproceedings{ jiang07preserving,
  author = {Jiang, Tao and Wang, Helen J. and Hu, Yih-Chun},
  title = {Preserving location privacy in wireless lans},
  booktitle = {Proceedings of the 5th international conference on Mobile systems, applications and services},
  series = {MobiSys '07},
  year = {2007},
  location = {San Juan, Puerto Rico},
  pages = {246--257},
  publisher = {ACM},
  address = {New York, NY, USA},
} 

@inproceedings{ johansen07firepatch,
	author={Johansen, H{\aa}vard and Johansen, Dag and van Renesse, Robbert},
	editor={Venter, Hein and Eloff, Mariki and Labuschagne, Les and Eloff, Jan
	and von Solms, Rossouw},
	title={\href{http://dl.ifip.org/db/conf/sec/sec2007/JohansenJR07.pdf} 
	{FirePatch: Secure and Time-Critical Dissemination of Software Patches}},
	bookTitle={New Approaches for Security, Privacy and Trust in Complex 
	Environments: Proceedings of the IFIP TC-11 22nd International Information 
	Security Conference (SEC 2007)},
	month={may},
	year={2007}
}


@inproceedings{ johnson13users,
  author = {Johnson, Aaron and Wacek, Chris and Jansen, Rob and Sherr, Micah and Syverson, Paul},
  title = {Users Get Routed: Traffic Correlation on {Tor} by Realistic Adversaries},
  booktitle = {\bibconf[20th]{CCS}{ACM Conference on
		Computer and Communications Security}},
  month = nov,
  year = {2013},
}

@inproceedings{johnson07nymble,
  title={Nymble: {A}nonymous {IP}-address blocking},
  author={Johnson, Peter C and Kapadia, Apu and Tsang, Patrick P and Smith, Sean W},
  booktitle={PETS},
  year=2007
}


@misc{ jovanovic16byzcoin,
  title = {\href{http://hackingdistributed.com/2016/08/04/byzcoin/}{ByzCoin: Securely Scaling Blockchains}},
  author = {Philipp Jovanovic},
  month = {August},
  year = {2016},
  howpublished = {\href{http://hackingdistributed.com/}{Hacking, Distributed}},
}


@inproceedings{ juels02verifiable,
  author = {Juels, Ari and Guajardo, Jorge},
  title = {{RSA} Key Generation with Verifiable Randomness},
  year = 2002,
  month = feb,
  booktitle = {Public Key Cryptography}
}

%K

@inproceedings{kokoris17omniledger,
  title={\href{https://eprint.iacr.org/2017/406.pdf}{OmniLedger: A Secure, Scale-Out, Decentralized Ledger via Sharding}},
  author={Kokoris-Kogias, Eleftherios and Jovanovic, Philipp and Gasser, Linus and Gailly, Nicolas and Syta, Ewa and Ford, Bryan},
  booktitle={Security and Privacy (SP), 2018 IEEE Symposium on},
  pages={19--34},
  year={2018},
  organization={Ieee}
}
@misc{kiayias16ouroboros,
    author = {Aggelos Kiayias and Alexander Russell and Bernardo David and Roman Oliynykov},
    title = {\href{http://eprint.iacr.org/2016/889}{Ouroboros: A Provably Secure Proof-of-Stake Blockchain Protocol}},
    howpublished = {Cryptology ePrint Archive, Report 2016/889},
    year = {2016},
}
@techreport{kokoris16managing-anon,
  title={Anonymized}
}
@techreport{kokoris16managing,
  title={\href{https://www.securityweek2016.tu-darmstadt.de/fileadmin/user_upload/Group_securityweek2016/pets2016/1_Managing_identities_bryan_ford_etc.pdf}{Managing Identities Using Blockchains and CoSi}},
  author={Kokoris-Kogias, Eleftherios and Gasser, Linus and Khoffi, Ismail and Jovanovic, Philipp and Gailly, Nicolas and Ford, Bryan},
  year={2016},
  institution={9th Workshop on Hot Topics in Privacy Enhancing Technologies (HotPETs 2016)}
}
@techreport{kiayias15speed,
  title={\href{https://eprint.iacr.org/2015/1019.pdf}{Speed-Security Tradeoffs in Blockchain Protocols}},
  author={Kiayias, Aggelos and Panagiotakos, Giorgos},
  year={2015},
  institution={IACR: Cryptology ePrint Archive}
}

@article{kwon14tendermint,
  title={\href{http://tendermint.com/docs/tendermint.pdf}{TenderMint: Consensus without Mining}},
  author={Kwon, Jae},
  year={2014}
}

@inproceedings{krohn04fly,
  title={On-the-fly verification of rateless erasure codes for efficient content distribution},
  author={Krohn, Maxwell N and Freedman, Michael J and Mazieres, David},
  booktitle={Security and Privacy, 2004. Proceedings. 2004 IEEE Symposium on},
  pages={226--240},
  year={2004},
  organization={IEEE}
}


@misc{ kessem15CaaS,
	author = {Limor Kessem},
	title = {\href{https://securityintelligence.com/certificates-as-a-service-code-signing-certs-become-popular-cybercrime-commodity/}{Certificates-as-a-Service? Code Signing Certs Become Popular Cybercrime Commodity
}},
	month = sep,
	year = 2015,
}

@techreport{kosba15hawk,
  title={Hawk: The blockchain model of cryptography and privacy-preserving smart contracts},
  author={Kosba, Ahmed and Miller, Andrew and Shi, Elaine and Wen, Zikai and Papamanthou, Charalampos},
  year={2015},
  institution={Cryptology ePrint Archive, Report 2015/675, 2015. http://eprint. iacr. org}
}

@INPROCEEDINGS{ karger05multilevel,
  author = {Paul A. Karger},
  title = {Multi-level security requirements for hypervisors},
  booktitle = {Computer Security Applications Conference, 21st Annual}, 
  series = {ACSAC '05},
  year = {2005},
  month = {Dec.},
}

@incollection{katz01cryptographic,
  title={Cryptographic counters and applications to electronic voting},
  author={Katz, Jonathan and Myers, Steven and Ostrovsky, Rafail},
  booktitle={Eurocrypt},
  pages={78--92},
  year={2001},
  publisher={Springer}
}

@misc{keating07arrested,
	title = {Use Tor P2P - Get Arrested},
	author = {Tom Keating},
	publisher = {{TMC}net},
	month = "September",
	day = 17,
	year = 2007,
	note = {\url{http://blog.tmcnet.com/blog/tom-keating/p2p/use-tor-p2p-get-arrested.asp}}
}

@inproceedings{kedogan02limits,
	author = {Kedogan, Dogan and Agrawal, Dakshi and Penz, Stefan},
	title = {Limits of Anonymity in Open Environments},
	booktitle = {Workshop on Information Hiding},
	month = oct,
	year = {2002},
} 

@phdthesis{kelly09taxonomy,
 author = {Kelly, Douglas J.},
 title = {A taxonomy for and analysis of anonymous communications networks},
 year = {2009},
 isbn = {978-1-109-07876-3},
 note = {AAI3351544},
 publisher = {Air Force Institute of Technology},
 address = {Wright Patterson AFB, OH, USA},
} 

@inproceedings{kelly08towards,
  title={Towards Mathematically Modeling the Anonymity Reasoning Ability of an Adversary},
  author={Kelly, Douglas and Raines, Richard and Baldwin, Rusty and Mullins, Barry and Grimaila, Michael},
  booktitle={\bibbrev{IPCCC}{International Performance, Computing,
		and Communications Conference}},
  pages={524--531},
  year={2008},
  organization={IEEE}
}

@article{ kessem15certificates,
	author = {Limor Kessem},
	title = {\href{https://securityintelligence.com/certificates-as-a-service-code-signing-certs-become-popular-cybercrime-commodity/}{Certificates-as-a-Service? Code Signing Certs Become Popular Cybercrime Commodity}},
	month = sep,
	year = 2015,
	journal = {Security Intelligence},
}

@article{khattak11trust,
  title={Analysis of Open Environment Sign-in Schemes-Privacy Enhanced \& Trustworthy Approach},
  author={Khattak, Zubair Ahmad and Manan, Jamalul-lail Ab and Sulaiman, Suziah and others},
  journal={Journal of Advances in Information Technology},
  year={2011}
}

@article{ khrennikov14putin,
	author = {Ilya Khrennikov},
	title = {\href{http://www.bloomberg.com/news/2014-07-29/putin-sets-110-000-bounty-for-cracking-tor-as-anonymous-internet-usage-in-russia-surges.html}{Putin Sets \$110,000 Bounty for Cracking Tor as Anonymous Internet Usage in Russia Surges}},
	journal = {Bloomberg Business},
	month = jul,
	year = 2014,
}

@inproceedings{ kim13accountable,
	author = {Tiffany Hyun-Jin Kim and Lin-Shung Huang and Adrian Perrig and Collin Jackson and Virgil Gligor},
	title = {\href{https://www.cs.cmu.edu/~xia/resources/Documents/kim-www13.pdf}{Accountable Key Infrastructure {(AKI)}: A Proposal for a Public-Key Validation Infrastructure}},
	booktitle = {\bibconf{WWW}{International Word Wide Web Conference}},
	year = 2014,
}

@article{ kirk13could,
	author = {Jeremy Kirk},
	title = {\href{http://www.computerworld.com/article/2498077/desktop-apps/could-the-bitcoin-network-be-used-as-an-ultrasecure-notary-service-.html}{Could the {Bitcoin} network be used as an ultrasecure notary service?}},
	month = may,
	year = 2013,
	journal = {Computerworld},
}

@inproceedings{kissner05privacy,
  author    = {Lea Kissner and
               Dawn Xiaodong Song},
  title     = {Privacy-Preserving Set Operations},
  booktitle = {\bibconf[25th]{CRYPTO}{Annual International 
              Cryptology Conference}},
  publisher = {Springer},
  location  = {Santa Barbara, CA},
  month     = aug,
  year      = 2005
}


@inproceedings{ knockel11three,
	author = {Jeffrey Knockel and Jedidiah R. Crandall and Jared Saia},
	title = {Three Researchers, Five Conjectures:
		An Empirical Analysis of {TOM-Skype} Censorship and Surveillance},
	booktitle = {\bibbrev{FOCI}{USENIX Workshop on Free and Open
			Communications on the Internet}},
	month = aug,
	year = 2011,
	location = {San Francisco, CA},
}

@article{ kobeissi13cryptocat,
  title={Cryptocat: Adopting Accessibility and Ease of Use as Security Properties},
  author={Kobeissi, Nadim and Breault, Arlo},
  journal={arXiv preprint arXiv:1306.5156},
  year={2013}
}

@inproceedings{ kokoris16enhancing,
  author        = {Eleftherios Kokoris-Kogias and Philipp Jovanovic and Nicolas Gailly and Ismail Khoffi and Linus Gasser and Bryan Ford},
  title         = {\href{http://arxiv.org/abs/1602.06997}{Enhancing Bitcoin Security and Performance with Strong Consistency via Collective Signing}},
  booktitle     = {Proceedings of the 25th USENIX Conference on Security Symposium},
  year          = {2016},
}

@inproceedings{ kokoris16enhancing-short,
  author        = {Eleftherios Kokoris-Kogias and others},
  title         = {\href{http://arxiv.org/abs/1602.06997}{Enhancing Bitcoin Security and Performance with Strong Consistency via Collective Signing}},
  booktitle     = {25th USENIX Conference on Security Symposium},
  year          = {2016},
}

@inproceedings{koscher10experimental,
  title={Experimental security analysis of a modern automobile},
  author={Koscher, Karl and Czeskis, Alexei and Roesner, Franziska and 
    Patel, Shwetak and Kohno, Tadayoshi and Checkoway, Stephen and 
    McCoy, Damon and Kantor, Brian and Anderson, Danny and Shacham, Hovav and 
    Savage, Stefan},
  booktitle={IEEE Security and Privacy},
  year={2010},
  month=may,
}

@inproceedings{ kranch15upgrading,
	author = {Michael Kranch and Joseph Bonneau},
	title = {Upgrading {HTTPS} in Mid-Air: An Empirical Study of
			Strict Transport Security and Key Pinning},
	booktitle = {Network and Distributed System Security Symposium (NDSS)},
	month = feb,
	year = 2015,
}

@inproceedings{kreuter13pcf,
   author={Kreuter, Ben and Mood, Benjamin and shelat, abhi and Butler, Kevin},
   title={{PCF}: A Portable Circuit Format for Scalable Two-Party Secure Computation},
   booktitle={{USENIX} Security Symposium}, 
   month={August},
   year={2013},
}

@misc{ kroll14secure,
	author = {Joshua A. Kroll and Edward W. Felten and Dan Boneh},
	title = {\href{https://freedom-to-tinker.com/blog/felten/secure-protocols-for-accountable-warrant-execution/}{Secure protocols for accountable warrant execution}},
	month = apr,
	year = 2014,
}

@inproceedings{ kuppusamy16diplomat,
	author = {Trishank Karthik Kuppusamy and Santiago Torres-Arias and Vladimir Diaz and Justin Cappos},
	title = {\href{https://www.usenix.org/node/194973}{Diplomat: Using Delegations to Protect Community Repositories}},
	booktitle = {\bibconf[13th]{NSDI}{USENIX Symposium on Networked Systems Design and Implementation}},
	month = mar,
	year = 2016,
}

@article{kulynych17claimchain,
  author    = {Bogdan Kulynych and Marios Isaakidis and Carmela Troncoso and George Danezis},
  title     = {\href{http://arxiv.org/abs/1707.06279}{ClaimChain: Decentralized Public Key Infrastructure}},
  journal   = {CoRR},
  volume    = {abs/1707.06279},
  year      = {2017},
  archivePrefix = {arXiv},
  eprint    = {1707.06279},
}

@inproceedings{kwon16riffle,
  author    = {Albert Kwon and
               David Lazar and
	             Srinivas Devadas and
	             Bryan Ford},
  title     = {Riffle: {A}n efficient communication system with strong
	             anonymity},
  booktitle = {\bibconf[16th]{PETS}{Privacy Enhancing Technologies}},
	location  = {Darmstadt, Germany},
	month     = jul, 
  year      = 2016
}

@misc{kyber,
  title = {\href{https://github.com/dedis/kyber}{The {Kyber} Cryptography Library}},
  key = {kyber},
  year = {2010 -- 2018},
}

%L


@phdthesis{lueks17security,
  title={\href{http://repository.ubn.ru.nl/bitstream/handle/2066/176475/176475.pdf?sequence=1}{Security and Privacy via Cryptography Having your cake and eating it too}},
  author={Lueks, W},
  year={2017},
  school={[Sl: sn]}
}

@inproceedings{linn16blockchain,
  title={\href{https://www.healthit.gov/sites/default/files/11-74-ablockchainforhealthcare.pdf}{Blockchain for health data and its potential use in health it and health care related research}},
  author={Linn, Laure A and Koo, Martha B},
  booktitle={ONC/NIST Use of Blockchain for Healthcare and Research Workshop. Gaithersburg, Maryland, United States: ONC/NIST},
  year={2016}
}

@article{levy03poisoning, 
	author={E. Levy}, 
	journal={IEEE Security Privacy}, 
	title={\href{http://ieeexplore.ieee.org/document/1203227/}{Poisoning the 
	software supply chain}}, 
	year={2003}, 
	volume={1}, 
	number={3}, 
	pages={70-73},
	month={may}
}

@inproceedings{lewenberg15inclusive,
  title={\href{https://link.springer.com/chapter/10.1007/978-3-662-47854-7_33}{Inclusive block chain protocols}},
  author={Lewenberg, Yoad and Sompolinsky, Yonatan and Zohar, Aviv},
  booktitle={International Conference on Financial Cryptography and Data Security},
  pages={528--547},
  year={2015},
  organization={Springer}
}


@inproceedings{luu16secure,
 author = {Luu, Loi and Narayanan, Viswesh and Zheng, Chaodong and Baweja, Kunal and Gilbert, Seth and Saxena, Prateek},
 title = {\href{{http://doi.acm.org/10.1145/2976749.2978389}}{{A Secure Sharding Protocol For Open Blockchains}}},
 booktitle = {Proceedings of the 2016 ACM SIGSAC Conference on Computer and Communications Security},
 series = {CCS '16},
 year = {2016},
 isbn = {978-1-4503-4139-4},
 location = {Vienna, Austria},
 pages = {17--30},
 numpages = {14},
 url = {http://doi.acm.org/10.1145/2976749.2978389},
 doi = {10.1145/2976749.2978389},
 acmid = {2978389},
 publisher = {ACM},
 address = {New York, NY, USA},
 keywords = {bitcoin, consensus protocol, sharding},
} 


@inproceedings{liang06index,
  title={The Index Poisoning Attack in P2P File Sharing Systems.},
  author={Liang, Jian and Naoumov, Naoum and Ross, Keith W},
  booktitle={INFOCOM},
  pages={1--12},
  year={2006},
  organization={Citeseer}
}

@article{lampson1992,
	Author = {Lampson, Butler and Abadi, Mart\'{\i}n and Burrows, Michael and Wobber, Edward},
	Journal = {ACM Trans. Comput. Syst.},
	Title = {Authentication in distributed systems: theory and practice},
	Year = {1992}
	}


@article{langley13anssi,
	author = {Adam Langley},
	title = {\href{http://googleonlinesecurity.blogspot.com/2013/12/further-improving-digital-certificate.html}{Further improving digital certificate security}},
	journal = {Google Online Security Blog},
	month = dec,
	year = 2013,
	day = 7,
}

@article{langley15cnnic,
	author = {Adam Langley},
	title = {\href{http://googleonlinesecurity.blogspot.nl/2015/03/maintaining-digital-certificate-security.html?m=1}{Maintaining digital certificate security }},
	journal = {Google Online Security Blog},
	month = mar,
	year = 2015,
	day = 23,
}

@article{laurie14CT,
	author = {Laurie, Ben},
	title = {\href{https://queue.acm.org/detail.cfm?id=2668154}{Certificate Transparency}},
	journal = {ACM Queue},
	month = sep,
	year = {2014},
	volume = 12,
	number = 8,
} 

@misc{laurie13CTrfc,
  title={RFC 6962: Certificate transparency},
  author={Laurie, Ben and Langley, Adam and Kasper, Emilia},
  month = jun,
  year={2013},
}

@misc{ laurie15improving,
	author = {Ben Laurie},
	title = {\href{https://www.certificate-transparency.org/ev-ct-plan}{Improving the Security of EV Certificates}},
	month = may,
	year = 2015,
}

@inproceedings{leblond2014ngo,
  title={A look at targeted attacks through the lense of an {NGO}},
  author={Le Blond, Stevens and Uritesc, Adina and Gilbert, Cedric and Leong Chua, Zheng
   and Saxena, Prateek and Kirda, Engin},
  booktitle={USENIX Security},
  year={2014}
}

@inproceedings{lee13anon,
  title={Anon-pass: Practical anonymous subscriptions},
  author={Lee, Michael Z and Dunn, Alan M and Waters, Brent and Witchel, Emmett and Katz, Jonathan},
  booktitle = {\bibconf{SP}{IEEE Symposium on Security and Privacy}},
  year={2013},
}

@article{ lenstra12ron,
  title = {Ron was wrong, Whit is right},
  author = {Lenstra, Arjen K and Hughes, James P and 
    Augier, Maxime and Bos, Joppe W and Kleinjung, Thorsten and Wachter, Christophe},
  journal = {{IACR} eprint archive},
  volume = 64,
  year = 2012,
}

@misc{ lenstra15random,
	author = {Arjen K. Lenstra and Benjamin Wesolowski},
	title = {\href{https://eprint.iacr.org/2015/366.pdf}{A random zoo: sloth, unicorn, and trx}},
	howpublished = {{IACR} eprint archive},
	month = apr,
	year = 2015,
}

@article{ lemos11effobs,
	author = {Robert Lemos},
	title = {\href{http://www.infoworld.com/article/2620473/encryption/eff-builds-system-to-warn-of-certificate-breaches.html}{EFF builds system to warn of certificate breaches}},
	journal = {InfoWorld },
	month = september,
	year = 2011,
	day = 21,
}

@inproceedings{liu05linkable,
  author	=	{Liu, Joseph K and 
			       Wong, Duncan S},
	title		=	{Linkable ring signatures: {S}ecurity models and new schemes},
	booktitle = {\bibconf{ICCSA}{Computational Science and Its Applications}},
  location = {Singapore},
	month = may,
	year=2005
}

@inproceedings{ liu13screenpass,
	author = {Dongtao Liu and Eduardo Cuervo and Valentin Pistol and
			Ryan Scudellari and Landon P. Cox},
	title = {ScreenPass: Secure Password Entry on Touchscreen Devices},
	booktitle = {\bibconf[11th]{MobiSys}{International Conference on
			Mobile Systems, Applications, and Services}},
	month = jun,
	year = 2013,
	location = {Taipei, Taiwan},
}

@inproceedings{ liu15end,
	author = {Yabing Liu and Will Tome and Liang Zhang and David Choffnes
			and Dave Levin and Bruce Maggs and Alan Mislove
			and Aaron Schulman and Christo Wilson},
	title = {\href{http://conferences2.sigcomm.org/imc/2015/papers/p183.pdf}{An End-to-End Measurement of Certificate Revocation in the Web's PKI}},
	booktitle = {\bibconf{IMC}{Internet Measurement Conference}},
	month = oct,
	year = 2015,
	location = {Tokyo, Japan},
}

@article{lu08pseudotrust,
  author={Li Lu and Jinsong Han and Yunhao Liu and Lei Hu 
    and Jin-Peng Huai and Ni, L. and Jian Ma},
  journal={Parallel and Distributed Systems, IEEE Transactions on},
  title={Pseudo Trust: Zero-Knowledge Authentication in Anonymous P2Ps},
  year={2008},
  month= oct,
  volume={19},
  number={10},
  pages={1325 -1337},
}

@inproceedings{li04secure,
  title={Secure untrusted data repository (SUNDR)},
  author={Li, Jinyuan and Krohn, Maxwell N and Mazi{\`e}res, David and Shasha, Dennis},
  booktitle={OSDI},
  year={2004}
}


@inproceedings{liu2013improved,
  title={Improved group off-the-record messaging},
  author={Liu, Hong and Vasserman, Eugene Y and Hopper, Nicholas},
  booktitle = {\bibconf{WPES}{ACM workshop on Privacy in the electronic society}},
  year={2013},
}


@incollection{lu06sequential,
  title={Sequential aggregate signatures and multisignatures without random oracles},
  author={Lu, Steve and Ostrovsky, Rafail and Sahai, Amit and Shacham, Hovav and Waters, Brent},
  booktitle={\bibconf{EUROCRYPT}{Conference on Theory and application of cryptographic techniques}},
   year={2006},
 
}

@article{lu08pseudotrust,
  author={Li Lu and Jinsong Han and Yunhao Liu and Lei Hu 
    and Jin-Peng Huai and Ni, L. and Jian Ma},
  journal={Parallel and Distributed Systems, IEEE Transactions on},
  title={Pseudo Trust: Zero-Knowledge Authentication in Anonymous P2Ps},
  year={2008},
  month= oct,
  volume={19},
  number={10},
  pages={1325 -1337},
}

@inproceedings{lucas09flybynight,
  author    = {Matthew M. Lucas and
               Nikita Borisov},
  title     = {{flyByNight}: mitigating the privacy risks of social networking},
  booktitle = {\bibconf{SOUPS}{Symposium on Usable Privacy and Security}},
  year      = {2009},
}

@inproceedings{luo09facecloak,
  author    = {Wanying Luo and
               Qi Xie and
               Urs Hengartner},
  title     = {{FaceCloak}: {A}n Architecture for User Privacy on 
               Social Networking Sites},
  booktitle = {\bibconf{CSE}{International Conference on 
                Computational Science and Engineering}},
  year      = {2009}
}

@phdthesis{ lynn07pairing,
	author = {Lynn, Ben},
	title = {On the implementation of pairing-based cryptosystems},
	year = {2007},
	publisher = {Stanford University},
	school = {Stanford University},
	address = {Stanford, CA, USA},
}

@inproceedings{ lysyanskaya00pseudonym,
  title={Pseudonym systems},
  author={Lysyanskaya, Anna and Rivest, Ronald L and Sahai, Amit and Wolf, Stefan},
  booktitle={Selected Areas in Cryptography},
  pages={184--199},
  year={2000},
  organization={Springer}
}


@misc{lee11litecoin,
  title={\href{https://bitcointalk.org/index.php?topic=47417.0}{Litecoin -- A Light Version of Bitcoin}},
  author={Charlie Lee},
  year={2011}
}

@misc{linux16hyperledger,
  title = {\href{https://www.hyperledger.org/}{Hyperledger Project}},
  author = {{Linux Foundation}},
  url = {https://www.hyperledger.org/},
  year = {2016},
}

%M 



@inproceedings{ micali99verifiable,
  author    = {Micali, Silvio and Vadhan, Salil and Rabin, Michael},
  title     = {\href{https://people.csail.mit.edu/silvio/Selected%20Scientific%20Papers/Pseudo%20Randomness/Verifiable_Random_Functions.pdf}{Verifiable Random Functions}},
  booktitle = {Proceedings of the 40th Annual Symposium on Foundations of Computer Science},
  series    = {FOCS '99},
  year      = {1999},
  pages     = {120--130},
  publisher = {IEEE Computer Society},
} 


@misc{maidsafe16project,
  title={\href{https://github.com/maidsafe/Whitepapers/blob/master/Project-Safe.md}{MaidSafe.net announces project SAFE to the community}},
  author={Maidsafe},
  year={2016}
  }

@techreport{miller16honey-eprint,
  title={\href{https://eprint.iacr.org/2016/199.pdf}{The Honey Badger of BFT protocols}},
  author={Miller, Andrew and Xia, Yu and Croman, Kyle and Shi, Elaine and Song, Dawn},
  year={2016},
  institution={Cryptology ePrint Archive 2016/199}

}

@inproceedings{miller16honey,
 author = {Miller, Andrew and Xia, Yu and Croman, Kyle and Shi, Elaine and Song, Dawn},
 title = {\href{https://eprint.iacr.org/2016/199.pdf}{The Honey Badger of BFT Protocols}},
 booktitle = {Proceedings of the 2016 ACM SIGSAC Conference on Computer and Communications Security},
 series = {CCS '16},
 year = {2016},
 isbn = {978-1-4503-4139-4},
 location = {Vienna, Austria},
 pages = {31--42},
 numpages = {12},
 url = {http://doi.acm.org/10.1145/2976749.2978399},
 doi = {10.1145/2976749.2978399},
 acmid = {2978399},
 publisher = {ACM},
 address = {New York, NY, USA},
 keywords = {BFT, asynchronous, atomic broadcast, blockchain},
} 

@article{ ma09new,
	author = {Di Ma and Gene Tsudik},
	title = {A New Approach to Secure Logging},
	journal = {ACM Transactions on Storage},
	volume = 5,
	number = 1,
	month = mar,
	year = 2009,
}

@article{macaskill13decoded,
	author = {Ewen Macaskill and Gabriel Dance},
	title = {\href{http://www.theguardian.com/world/interactive/2013/nov/01/snowden-nsa-files-surveillance-revelations-decoded}{NSA Files Decoded}},
	journal = {the Guardian},
	month = november,
	year = 2013,
	day = 1,
}

@inproceedings{maheswaran13cryptobook,
  title={{Crypto-Book}: {A}n Architecture for Privacy Preserving Online Identities},
  author={Maheswaran, John and Wolinsky, David Isaac and Ford, Bryan},
  booktitle={\bibconf[12th]{HotNets}{ACM Workshop on Hot Topics 
			      in Networks}},
  location = {College Park, MD},
	month = Nov,
	year = 2013
}


@inproceedings{mahlki2004fairplay,
	title={Fairplay\ --\ a secure two-party computation system},
	author={Malkhi, Dahlia and Nisan, Noam and Pinkas, Benny and Sella, Yaron},
	booktitle={{USENIX} Security Symposium},
	month={August},
	year={2004}
}
@incollection{mahmoody11time,
  title={Time-lock puzzles in the random oracle model},
  author={Mahmoody, Mohammad and Moran, Tal and Vadhan, Salil},
  booktitle={Advances in Cryptology--CRYPTO 2011},
  pages={39--50},
  year={2011},
  publisher={Springer}
}



@misc{ malhotra15attacking,
	author = {Aanchal Malhotra and Isaac E. Cohen and Erik Brakke
			and Sharon Goldberg},
	title = {\href{https://eprint.iacr.org/2015/1020.pdf}{Attacking the Network Time Protocol}},
	month = oct,
	year = 2015,
	howpublished = {Cryptology ePrint Archive, Report 2015/1020},
}


@inproceedings{melara15coniks,
  title={\href{https://www.usenix.org/system/files/conference/usenixsecurity15/sec15-paper-melara.pdf}{{CONIKS}: Bringing Key Transparency to End Users}},
  author={Melara, Marcela S and Blankstein, Aaron and Bonneau, Joseph and Felten, Edward W and Freedman, Michael J},
  booktitle={Proceedings of the 24th USENIX Conference on Security Symposium},
  pages={383--398},
  year={2015},
  organization={USENIX Association}
}


%author={Melara, Marcela S and Blankstein, Aaron and Bonneau, Joseph and Felten, Edward W and %Freedman, Michael J}
@inproceedings{melara15coniks2,
  title={\href{https://www.usenix.org/system/files/conference/usenixsecurity15/sec15-paper-melara.pdf}{{CONIKS}: Bringing key transparency to end users}},
  author={Melara and others},
  booktitle={24th USENIX Conference on Security Symposium},
  year={2015},
}


% soon to be in proceedings (pending)
@article{bonneauethiks,
  title={{EthIKS}: Using Ethereum to audit a {CONIKS} key transparency log},
  author={Bonneau, Joseph}
}

@inproceedings{bonneau16ethiks,
    author={Bonneau, Joseph},
    title={\href{https://link.springer.com/chapter/10.1007/978-3-662-53357-4_7}{EthIKS: Using Ethereum to Audit a CONIKS Key Transparency Log}},
    booktitle={Financial Cryptography and Data Security 2016},
    year={2016},
    publisher={Springer Berlin Heidelberg},
    isbn={978-3-662-53357-4},
    doi={10.1007/978-3-662-53357-4_7},
    url={http://dx.doi.org/10.1007/978-3-662-53357-4_7}
}
    address={Berlin, Heidelberg},
    pages={95--105},
    editor={Clark, Jeremy and Meiklejohn, Sarah and Ryan, Y.A. Peter and Wallach, Dan and Brenner, Michael and Rohloff, Kurt},


@inproceedings{ maniatis02secure,
	author = {Petros Maniatis and Mary Baker},
	title = {Secure History Preservation through Timeline Entanglement},
	booktitle = {11th USENIX Security Symposium},
	month = aug,
	year = 2002,
	location = {San Francisco, CA},
}

@article{ manils10compromising,
  title = {Compromising {Tor} anonymity exploiting {P2P} information leakage},
  author = {Manils, P. and Abdelberri, C. and Blond, S.L. 
    and Kaafar, M.A. and Castelluccia, C. and Legout, A. and Dabbous, W.},
  journal = {arXiv preprint arXiv:1004.1461},
  year = {2010},
}

@misc{	marlinspike13trust,
	author = {M. Marlinspike and T. {Perrin, Ed.}},
	title = {Trust Assertions for Certificate Keys},
	month = jan,
	year = 2013,
	note = {Internet-Draft draft-perrin-tls-tack-02.txt (Work in Progress)},
}

@inproceedings{ marlinspike11ssl,
	author = {Moxie Marlinspike},
	title = {{SSL} And The Future Of Authenticity},
	booktitle = {BlackHat USA},
	month = aug,
	year = 2001,
}

@phdthesis{ merkle79secrecy,
  title = {\href{http://www.merkle.com/papers/Thesis1979.pdf}{Secrecy, Authentication, and Public Key Systems}},
  author = {Ralph Charles Merkle},
  school = {Stanford University},
  month = jun,
  year = {1979},
  url = {http://www.merkle.com/papers/Thesis1979.pdf},
}

@inproceedings{merkle89certified,
  title={\href{https://link.springer.com/chapter/10.1007%2F0-387-34805-0_21?LI=true}{A certified digital signature}},
  author={Merkle, Ralph},
  booktitle={Advances in Cryptology—CRYPTO 89 Proceedings},
  pages={218--238},
  year={1990},
  organization={Springer}
}

@inproceedings { mathewson04disclosure,
  author = {Mathewson, Nick and Dingledine, Roger},
  title = {Practical traffic analysis: extending and resisting statistical disclosure},
  booktitle = {\bibconf[4th]{PETS}{International Workshop on
		Privacy Enhancing Technologies}},
  year = {2004},
  month = {May},
}



@inproceedings{ maurer91ibe,
  title={Non-interactive public-key cryptography},
  author={Maurer, Ueli and Yacobi, Yacov},
  booktitle={\bibconf{EUROCRYPT}{Conference on Theory and application of cryptographic techniques}},
  year={1991},
}

@inproceedings{ mccoy08shining,
  title = {Shining light in dark places: Understanding the {Tor} network},
  author = {McCoy, D. and Bauer, K. and Grunwald, D. and Kohno, T. and Sicker, D.},
  booktitle = {Privacy Enhancing Technologies},
  pages = {63--76},
  year = {2008},
}

@article{ menezes93elliptic,
  author = {Menezes, Alfred J. and Vanstone, Scott A.},
  title = {Elliptic curve cryptosystems and their implementation},
  journal = {Journal of Cryptology},
  publisher = {Springer New York},
  issn = {0933-2790},
  keyword = {Computer Science},
  pages = {209-224},
  volume = {6},
  issue = {4},
  year = {1993}
}

@inproceedings{micali01accountable,
  title={Accountable-subgroup multisignatures},
  author={Micali, Silvio and Ohta, Kazuo and Reyzin, Leonid},
  booktitle = {\bibconf{CCS}{ACM Conference on Computer and 
    Communications Security}},
      year={2001},
}

@inproceedings{michels96risk,
  title={On the risk of disruption in several multiparty signature schemes},
  author={Michels, Markus and Horster, Patrick},
  booktitle={\bibconf{ASIACRYPT}{Advances in Cryptology}},
  year={1996},
}

@inproceedings{ miers13zerocoin,
	author = {Ian Miers and 
			      Christina Garman and 
						Matthew Green and 
						Aviel D. Rubin},
	title = {\href{https://ieeexplore.ieee.org/abstract/document/6547123/}{Zerocoin}: Anonymous Distributed E-Cash from {Bitcoin}},
	booktitle = {\bibconf[34th]{S{\&}P}{IEEE Symposium on Security and Privacy}},
	location = {San Francisco, CA},
	month = may,
	year = 2013
}

@inproceedings{ miller14know,
	author = {Brad Miller and Ling Huang andA.D.Joseph and J.D. Tygar},
	title = {I Know Why You Went to the Clinic:
			Risks and Realization of {HTTPS} Traffic Analysis},
	booktitle = {PETS},
	month = jul,
	year = 2014,
}

@article { mimoso15dlink,
	author = {Michael Mimoso},
	title = {\href{https://threatpost.com/d-link-accidentally-leaks-private-code-signing-keys/114727/}{D-Link Accidentally Leaks Private Code-Signing Keys}},
	journal = {ThreatPost},
	month = sep,
	year = 2015,
}

@inproceedings{minkus14know,
	author = {Tehila Minkus and
	          Keith W. Ross},
	title = {I Know What You're Buying: {P}rivacy breaches on e{B}ay},
	booktitle = {\bibconf[14th]{PETS}{International Symposium on Privacy 
			Enhancing Technologies}},
	location = {Amsterdam, Netherlands},
	month = jul,
	year = 2014
}

@misc{ moeller00mixmaster,
  author = {Moeller, Ulf and Cottrell, Lance},
  month = jan,
  year = 2003,
  title = {Mixmaster Protocol: Version 2},
  howpublished = {\url{http://freehaven.net/anonbib/cache/mixmaster-spec.txt}}
}

@inproceedings{ mont03hp,
	author = {Marco Casassa Mont and Keith Harrison and Martin Sadler},
	title = {The {HP} Time Vault Service: Exploiting {IBE}
			for Timed Release of Confidential Information},
	booktitle = {\bibconf[12th]{WWW}{International World Wide Web Conference}},
	month = may,
	year = 2003,
}

@misc{ moore13unplug,
  author = {{HD} Moore},
  month = jan,
  year = 2013,
  title = {Whitepaper: Security Flaws in Universal Plug and Play: Unplug, Don't Play},
  howpublished = {\url{https://community.rapid7.com/docs/DOC-2150}},
}

@inproceedings{morenosanchezk15privacy,
	author = {Pedro Moreno{-}Sanchez and
	          Aniket Kate and
	          Matteo Maffei and
	          Kim Pecina},
	title = {Privacy Preserving Payments in Credit Networks: 
			     {E}nabling trust with privacy in online marketplaces},
	booktitle = {\bibconf[22th]{NDSS}{Annual Network and Distributed System
			Security Symposium}},
	location = {San Diego, CA},
	month = feb,
	year = 2015
}

@article{ morris14inside,
	author = {David Z. Morris},
	title = {\href{http://fortune.com/2014/04/09/inside-the-world-of-national-cryptocurrencies/}{Inside the world of national cryptocurrencies}},
	journal = {Fortune},
	month = apr,
	year = 2014,
}

@techreport{ moshchuk12content,
	author = {Alexander Moshchuk and Helen J. Wang and Yunxin Liu},
	title = {Content-Based Isolation:
		Rethinking Isolation Policy in Modern Client Systems},
	number = {MSR-TR-2012-82},
	month = aug,
	year = 2012,
	institution = {Microsoft Research},
}

@article{movahedi14broadcast,
  author    = {Mahnush Movahedi and
               Jared Saia and
               Mahdi Zamani},
  title     = {Secure Anonymous Broadcast},
  journal   = {CoRR},
  volume    = {abs/1405.5326},
  year      = {2014},
  url       = {http://arxiv.org/abs/1405.5326},
}

@inproceedings{ murdoch07sampled,
  author = {Murdoch, Steven J. and Zieli\'{n}ski, Piotr},
  title = {Sampled Traffic Analysis by {Internet}-Exchange-Level Adversaries},
  booktitle = {\bibconf[7th]{PETS}{Privacy Enhancing Technologies Symposium}},
  year = {2007},
} 

%N

@inproceedings{ narula18zkledger,
	author = {Neha Narula and Willy Vasquez and Madars Virza},
	title = {\href{https://www.usenix.org/conference/nsdi18/presentation/narula}{{zkLedger}: Privacy-Preserving Auditing for Distributed Ledgers}},
	booktitle = {15th USENIX Symposium on Networked Systems Design and Implementation (NSDI)},
	month = apr,
	year = 2018,
	url = {https://www.usenix.org/conference/nsdi18/presentation/narula},
}

@inproceedings {nikitin17chainiac,
author = {Kirill Nikitin and Eleftherios Kokoris-Kogias and Philipp Jovanovic and Nicolas Gailly and Linus Gasser and Ismail Khoffi and Justin Cappos and Bryan Ford},
title = {\href{https://www.usenix.org/conference/usenixsecurity17/technical-sessions/presentation/nikitin}{{CHAINIAC}: Proactive Software-Update Transparency via Collectively Signed Skipchains and Verified Builds}},
booktitle = {26th {USENIX} Security Symposium ({USENIX} Security 17)},
year = {2017},
isbn = {978-1-931971-40-9},
pages = {1271--1287},
publisher = {{USENIX} Association},
}


@misc{nist-beacon,
	author={{NIST}},
  key={NIST Beacon},
  title = {\href{http://www.nist.gov/itl/csd/ct/nist_beacon.cfm}{{NIST} {R}andomness {B}eacon}},
  	year={2017},

}

@inbook{nist15security,
	title = {\href{http://nvlpubs.nist.gov/nistpubs/ir/2015/NIST.IR.7966.pdf}{Security of Interactive and automated Access
Management Using Secure Shell (SSH)}},
chapter	= "5.1.2", 
	author={{NIST}},
	year={2015},
}

@INPROCEEDINGS{naor02deniable,
  author = {Moni Naor},
  title = {Deniable Ring Authentication},
  booktitle = {\bibconf['02]{CRYPTO}{Advances in Cryptology }},
  year = {2002},
}

@misc{ nakamoto08bitcoin,
	author = {Satoshi Nakamoto},
	title = {\href{https://bitcoin.org/bitcoin.pdf}{Bitcoin: A Peer-to-Peer Electronic Cash System}},
	year = 2008,
}
	month = oct,

@inproceedings{narayanan10socialkeys,
  title={{SocialKeys}: Transparent Cryptography via Key Distribution over Social Networks},
  booktitle={IAB Workshop on Internet Privacy},
  year={2010},
  author={Narayanan, Arvind},
}

@inproceedings{narayanan11location,
  title={Location privacy via private proximity testing},
  author={Narayanan, Arvind and Thiagarajan, Narendran and Lakhani, Mugdha and Hamburg, Michael and Boneh, Dan},
  booktitle={Proc. of NDSS},
  volume={2011},
  year={2011}
}

@inproceedings{narayanan08robust,
	author = {Arvind Narayanan and
	          Vitaly Shmatikov},
	title = {Robust de-anonymization of large sparse datasets},
	booktitle = {\bibconf[29th]{IEEE S{\&}P}{IEEE Symposium on Security and
			Privacy}},
	month = may,
	year = 2008,
	location = {Oakland, CA}
}

@inproceedings{narayanan12feasibility,
	author = {Arvind Narayanan and
	          Hristo S. Paskov and
	          Neil Zhenqiang Gong and
	          John Bethencourt and
	          Emil Stefanov and
	          Eui Chul Richard Shin and
	          Dawn Song},
	title = {On the feasibility on {I}nternet-scale author identification},
	booktitle = {\bibconf{S{\&}P}{IEEE Symposium on Security and
			Privacy}},
	month = may,
	year = 2012,
	location = {San Francisco, CA}
}

@article{nguyen06verifiable,
	author = {Lan Nguyen and
					  Reihaneh Safavi{-}Naini and
	          Kaoru Kurosawa},
	title = {Verifiable shuffles: a formal model and a {P}aillier-based
	         three-round construction with provable security},
	journal = {Int. J. Inf. Sec.},
	volume = {5},
	number = {4},
	pages = {241--255},
	year = 2006
}

@misc{ nordberg15gossiping,
	author = {L. Nordberg and D. Gillmor and T. Ritter},
	title = {\href{https://tools.ietf.org/html/draft-linus-trans-gossip-ct-02}{Gossiping in CT}},
	howpublished = {Internet-Draft draft-linus-trans-gossip-ct-02},
	month = jul,
	year = 2015,
}

@misc{ nist09fips186,
  author = {{National Institute of Standards and Technology}},
  title = {{FIPS PUB 186-3: Digital Signature Standard (DSS)}},
  year = {2009}
}

@misc{ nist12recommendation,
  author = {{National Institute of Standards and Technology}},
  title = {{Special Publication 800-57: Recommendation for Key Management}},
  year = {2012}
}

@misc{ nullbyte14hack,
	author = {{Null Byte}},
	title = {\href{http://null-byte.wonderhowto.com/how-to/hack-like-pro-hijack-software-updates-install-rootkit-for-backdoor-access-0149225/}{Hack Like a Pro: How to Hijack Software Updates to Install a Rootkit for Backdoor Access}},
	howpublished = {WonderHowTo},
	year = 2014,
}

%O

@article{okamoto99multi,
  title={Multi-signature schemes secure against active insider attacks},
  author={Ohta, Kazuo and Okamoto, Tatsuaki},
  journal={IEICE Transactions on Fundamentals of Electronics, Communications and Computer Sciences},
  month=jan,
  year={1999},
}

@inproceedings{oluwasanmi:2012:beacon,
    author = {Oluwasanmi, Olumuyiwa and Saia, Jared},
    title = {{Scalable Byzantine Agreement with a Random Beacon}},
    booktitle = {Stabilization, Safety, and Security of Distributed Systems},
    volume = {7596},
    series = {Lecture Notes in Computer Science},
    editor = {Richa, Andr\'{e}a W. and Scheideler, Christian},
    publisher = {Springer Berlin Heidelberg},
    pages = {253-265},
    year = {2012},
    isbn = {978-3-642-33535-8},
    doi = {10.1007/978-3-642-33536-5_25},
    url = {http://dx.doi.org/10.1007/978-3-642-33536-5_25},
}

@inproceedings{oswald05sidechannel,
  author    = {Elisabeth Oswald and
               Stefan Mangard and
               Norbert Pramstaller and
               Vincent Rijmen},
  title     = {A side-channel analysis resistant description of the {AES}
			{S-Box}},
  booktitle = {\bibconf{FSE}{Fast Software Encryption Workshop}},
  location  = {Paris, France},
  month     = feb,
  year      = 2005
}




%P

@inproceedings{peterson16blockchain,
  title={\href{http://www.colleaga.org/sites/default/files/12-55-blockchain-based-approach-final.pdf}{A blockchain-based approach to health information exchange networks}},
  author={Peterson, Kevin and Deeduvanu, Rammohan and Kanjamala, Pradip and Boles, Kelly},
  booktitle={Proc. NIST Workshop Blockchain Healthcare},
  volume={1},
  pages={1--10},
  year={2016}
}

@techreport{pagnia99impossibility,
  title={\href{https://pdfs.semanticscholar.org/208b/22c7a094ada20736593afcc8c759c7d1b79c.pdf}{On the impossibility of fair exchange without a trusted third party}},
  author={Pagnia, Henning and G{\"a}rtner, Felix C},
  year={1999},
  institution={Technical Report TUD-BS-1999-02, Darmstadt University of Technology, Department of Computer Science, Darmstadt, Germany}
}


@misc{pass16hybrid,
    author = {Rafael Pass and Elaine Shi},
    title = {\href{http://eprint.iacr.org/2016/917}{Hybrid Consensus: Efficient Consensus in the Permissionless Model}},
    howpublished = {Cryptology ePrint Archive, Report 2016/917},
    year = {2016},
}


@article{pass16analysis,
  title={\href{https://eprint.iacr.org/2016/454.pdf}{Analysis of the Blockchain Protocol in Asynchronous Networks}},
  author={Pass, Rafael and Tech, Cornell and Seeman, Lior},
  journal={Annual International Conference on the Theory and Applications of Cryptographic Techniques ({EUROCRYPT})},
  year={2017},
  organization={Springer}
}


@inproceedings{paillier99public,
  author    = {Pascal Paillier},
  title     = {Public-{K}ey Cryptosystems Based on Composite 
               Degree Residuosity Classes},
  booktitle = {\bibconf{EUROCRYPT}{Advances in Cryptology}},
  month     = may,
  year      = 1999
}


@inproceedings{ pang07fingerprinting,
  author = {Pang, Jeffrey and Greenstein, Ben and Gummadi, Ramakrishna and Seshan, Srinivasan and Wetherall, David},
  title = {802.11 user fingerprinting},
  booktitle = {ACM International Conference on Mobile Computing and Networking (MobiCom)},
  year = {2007},
  pages = {99--110},
}

@misc{ park18spacemint,
	author = {Sunoo Park and Albert Kwon and Georg Fuchsbauer
			and Peter Ga\v{z}i and Jo\"el Alwen
			and Krzysztof Pietrzak},
	title = {\href{https://fc18.ifca.ai/preproceedings/78.pdf}{SpaceMint: A Cryptocurrency Based on Proofs of Space}},
	booktitle = {Financial Cryptography and Data Security},
	month = feb,
	year = 2018,
	url = {https://fc18.ifca.ai/preproceedings/78.pdf},
}

@incollection{pass03deniability,
  title={On deniability in the common reference string and random oracle model},
  author={Pass, Rafael},
  booktitle={Advances in Cryptology-CRYPTO 2003},
  pages={316--337},
  year={2003},
  publisher={Springer}
}

@inproceedings{pavlov04supporting,
  author    = {Elan Pavlov and
               Jeffrey S. Rosenschein and
               Zvi Topol},
  title     = {Supporting privacy in decentralized additive reputation
	              systems},
  booktitle = {\bibconf[2nd]{iTrust}{Trust Management}},
  location  = {Oxford, UK},
  month     = mar,
  year      = 2004
}



@inproceedings{peng06secrecy,
  author    = {Pai Peng and
               Peng Ning and
               Douglas S. Reeves},
  title     = {On the secrecy of timing-based active watermarking trace-back
			techniques},
  booktitle = {\bibconf{S{\&}P}{IEEE Symposium on Security and Privacy}},
  location  = {Berkeley, CA},
  month     = may,
  year      = 2006
}

@inproceedings{peng06ciphertext,
  author    = {Kun Peng and
               Colin Boyd and
							 Ed Dawson and
               Byoungcheon Lee},
  title     = {Ciphertext comparison, a new solution 
			         to millionaire problem},
  booktitle = {\bibconf[7th]{ICICS}{Information and Communications Security}},
  location  = {Beijing, China},
  month     = dec,
  year      = 2005
}

@article{ peralta92distribution,
  author = {Ren\'e Peralta},
  title = {On the Distribution of Quadratic Residues and Nonresidues Modulo a Prime Number},
  journal = {Mathematics of Computation},
  year = {1992},
  pages = {443--440},
  volume = {58},
  number = {197},
}

@inproceedings{ petullo13minimalt,
	author = {W. Michael Petullo and Xu Zhang and Jon A. Solworth 
			and Daniel J. Bernstein and Tanja Lange},
	title = {\href{http://cr.yp.to/tcpip/minimalt-20130522.pdf}{MinimaLT: Minimal-latency Networking Through Better Security}},
	booktitle = {ACM CCS},
	month = nov,
	year = 2013,
}

@inproceedings{pfitzmann91isdn,
  title = {{ISDN-mixes: Untraceable communication with very small bandwidth overhead}}, 
  author = {Andreas Pfitzmann and Birgit Pfitzmann and Michael Waidner}, 
  booktitle = {GI/ITG Conference on Communication in Distributed Systems}, 
  year = {1991}, 
  month = {February}, 
}

@inproceedings{pfitzmann01anonymity,
  title={Anonymity, unobservability, and pseudonymity? proposal for terminology},
  author={Pfitzmann, Andreas and K{\"o}hntopp, Marit},
  booktitle={Designing privacy enhancing technologies},
  pages={1--9},
  year={2001},
  organization={Springer}
}

@misc{ pfitzmann10terminology,
	title = {A terminology for talking about privacy by data minimization:
		Anonymity, Unlinkability, Undetectability, Unobservability,
		Pseudonymity, and Identity Management},
	author = {Andreas Pfitzmann and Marit Hansen},
	month = aug,
	year = 2010,
}

@article{pilkington15blockchain,
  title={\href{https://books.google.ch/books?hl=en&lr=&id=1_QCDQAAQBAJ&oi=fnd&pg=PA225&dq=Blockchain+technology:+princi-+ples+and+applications.&ots=s-4_LBIHKU&sig=0zu7XIW6It8dINuRnFakNr1C_2Q&redir_esc=y#v=onepage&q=Blockchain%20technology%3A%20princi-%20ples%20and%20applications.&f=false}{Blockchain technology: principles and applications}},
  author={Pilkington, Marc},
  journal={Browser Download This Paper},
  year={2015}
}

@article{pohlig78improved,
  author = {Stephen C. Pohlig and
            Martin E. Hellman},
  title  = {An improved algorithm for computing logarithms over
			{GF(p)} and its cryptographic significance ({C}orresp.)},
  journal = {IEEE Transactions on Information Theory},
  volume = {24},
  number = {1},
  year = {1978},
  pages = {106-110}
}

@misc{popov16rnd,
    author = {Serguei Popov},
    title = {\href{http://eprint.iacr.org/2016/228}{On a decentralized trustless pseudo-random number generation algorithm}},
    howpublished = {Cryptology ePrint Archive, Report 2016/228},
    year = {2016},
}

@article{ porup15how,
	author = {J.M. Porup},
	title = {\href{http://motherboard.vice.com/read/how-debian-is-trying-to-shut-down-the-cia-and-make-software-trustworthy-again}{How Debian Is Trying to Shut Down the CIA and Make Software Trustworthy Again}},
	journal = {Motherboard},
	month = sep,
	day = 7,
	year = 2015,
}

@article{ poulsen13feds,
	author = {Kevin Poulsen},
	title = {Feds Are Suspects in New Malware That Attacks {Tor} Anonymity},
	journal = {Wired},
	month = aug # "~5,",
	year = 2013,
	url = {http://www.wired.com/threatlevel/2013/08/freedom-hosting/},
}

%Q

%R

@article{ rabin80probabilistic,
  title={Probabilistic algorithm for testing primality},
  author={Rabin, Michael O},
  journal={Journal of number theory},
  volume={12},
  number={1},
  pages={128--138},
  year={1980},
  publisher={Elsevier}
}

@article{rabin83beacons,
  title = {Transaction {{Protection}} by {{Beacons}}},
  author = {{Rabin}, Michael O.},
  volume = {27},
  number = {2},
  journal = {Journal of Computer and System Sciences},
  year = {1983},
  pages = {256--267},
  doi = {10.1016/0022-0000(83)90042-9},
}

@inproceedings{ rackoff91noninteractive,
  year={1991},
  booktitle = {\bibconf{CRYPTO}{IACR International Cryptology Conference}},
  title={Non-Interactive Zero-Knowledge Proof of Knowledge and Chosen Ciphertext Attack},
  author={Rackoff, Charles and Simon, Daniel R.},
  pages={433-444},
}

@inproceedings{ ramasamy06parsimonious,
	author = {HariGovind V. Ramasamy and Christian Cachin},
	title = {Parsimonious Asynchronous {Byzantine}-Fault-Tolerant
			Atomic Broadcast},
	booktitle = {9th International Conference on Principles of Distributed Systems (OPODIS)},
	month = dec,
	year = 2005,
	url = {https://www.zurich.ibm.com/~cca/papers/oabc.pdf},
}

@inproceedings{raymond00traffic,
  author = {Jean-Fran\c{c}ois Raymond}, 
  title = {Traffic Analysis: Protocols, Attacks, Design Issues and Open Problems},
  booktitle = {Workshop on Design Issues in Anonymity and Unobservability},
  year = {2000},
}

@inproceedings{reardon13sok,
  title={Sok: Secure data deletion},
  author={Reardon, Joel and Basin, David and Capkun, Srdjan},
  booktitle={Security and Privacy (SP), 2013 IEEE Symposium on},
  pages={301--315},
  year={2013},
  organization={IEEE}
}

@misc{ reitman13securedrop,
	title = {Freedom of the Press Foundation Launches {SecureDrop},
		an Open-Source Submission Platform for Whistleblowers},
	author = {Rainey Reitman},
	publisher = {Freedom of the Press Foundation},
	month = oct,
	day = 15,
	year = 2013,
	note = {\url{https://pressfreedomfoundation.org/blog/2013/10/freedom-press-foundation-launches-securedrop}}
}

@article{rivest78rsa,
  title={A method for obtaining digital signatures and public-key cryptosystems},
  author={Rivest, Ronald L and Shamir, Adi and Adleman, Len},
  journal={Communications of the ACM},
  year={1978},
}


@techreport{ rivest98timelock,
	author = {Ronald L. Rivest and Adi Shamir and David A. Wagner},
	title = {Time-lock puzzles and timed-release Crypto},
	month = mar,
	year = 1996,
	publisher = {Massachusetts Institute of Technology},
	address = {Cambridge, MA, USA},
}

@article{risen13nsa,
 author = {Risen, James and Poitras, Laura},
 title = {{NSA} Report Outlined Goals for More Power},
 journal = {The New York Times},
 month = Nov # {~22,},
 year = {2013}
}

@inproceedings{ ristenpart10good,
  title = {When good randomness goes bad: 
    Virtual machine reset vulnerabilities and hedging deployed cryptography},
  author = {Ristenpart, Thomas and Yilek, Scott},
  booktitle = {Network and Distributed System Security Symposium},
  year = {2010},
}


@inproceedings{rivest06how,
  author    = {Ronald Rivest and
               Adi Shamir and
               Yael Tauman},
  title     = {How to Leak a Secret: Theory and Applications of Ring Signatures},
  booktitle = {Essays in Memory of Shimon Even},
  year      = {2006},
  pages     = {164-186},
  ee        = {http://dx.doi.org/10.1007/11685654_7},
  bibsource = {DBLP, http://dblp.uni-trier.de}
}


@inproceedings{ roesner12user,
	author = {Franziska Roesner and Tadayoshi Kohno and
		Alexander Moshchuk and Bryan Parno and Helen J. Wang and
		Crispin Cowan},
	title = {User-Driven Access Control:
		Rethinking Permission Granting in Modern Operating Systems},
	booktitle = {IEEE Symposium on Security and Privacy},
	month = may,
	year = 2012,
	location = {San Francisco, CA},
}

@inproceedings{ roth13secure,
    title={A Secure Submission System for Online Whistleblowing Platforms},
    author={Roth, Volker and G{\"u}ldenring, Benjamin and 
        Rieffel, Eleanor and Dietrich, Sven and Ries, Lars},
    year = 2013,
    month = apr,
    booktitle = {\bibconf[17th]{FC}{Financial Cryptography and Data Security}}
}

@article{rosenblatt15superfish,
	author = {Seth Rosenblatt},
	title = {\href{http://www.cnet.com/news/superfish-torments-lenovo-owners-with-more-than-adware/}{Lenovo's Superfish security snafu blows up in its face}},
	journal = {CNET},
	month = february,
	year = 2015,
	day = 20,
}

@inproceedings{ruffing14coinshuffle,
	author = {Tim Ruffing and Pedro Moreno{-}Sanchez and
	          Aniket Kate},
	title = {\href{https://petsymposium.org/2014/papers/Ruffing.pdf}{{CoinShuffle}: {P}ractical Decentralized Coin Mixing for {Bitcoin}}},
	booktitle = {Privacy Enhancing Technologies Symposium (PETS)},
	month = jul,
	year = 2014,
	location = {Amsterdam, Netherlands},
	url = {https://petsymposium.org/2014/papers/Ruffing.pdf},
}

@inproceedings{ ryan14enhanced,
	author = {Mark D. Ryan},
	title = {Enhanced Certificate Transparency and
			End-to-end Encrypted Mail},
	booktitle = {\bibconf{NDSS}{Network and Distributed System
			Security Symposium}},
	month = feb,
	year = 2014,
}

@article{ ryge16most,
	author = {Leif Ryge},
	title = {\href{http://arstechnica.com/security/2016/02/most-software-already-has-a-golden-key-backdoor-its-called-auto-update/}{Most software already has a ``golden key'' backdoor: the system update}},
	journal = {arstechnica},
	month = feb,
	year = 2016,
}

%S
@inproceedings{shoup00practical,
  title={Practical threshold signatures},
  author={Shoup, Victor},
  booktitle={International Conference on the Theory and Applications of Cryptographic Techniques},
  pages={207--220},
  year={2000},
  organization={Springer}
}

@article{shor99polynomial,
  title={\href{https://epubs.siam.org/doi/10.1137/S0036144598347011}{Polynomial-time algorithms for prime factorization and discrete logarithms on a quantum computer}},
  author={Shor, Peter W},
  journal={SIAM review},
  volume={41},
  number={2},
  pages={303--332},
  year={1999},
  publisher={SIAM}
}

@inproceedings{sasson2014zerocash,
  title={\href{https://ieeexplore.ieee.org/abstract/document/6956581/}{Zerocash: Decentralized anonymous payments from bitcoin}},
  author={Sasson, Eli Ben and Chiesa, Alessandro and Garman, Christina and Green, Matthew and Miers, Ian and Tromer, Eran and Virza, Madars},
  booktitle={Security and Privacy (SP), 2014 IEEE Symposium on},
  pages={459--474},
  year={2014},
  organization={IEEE}
}

@article{szabo94smart,
  title={Smart contracts},
  author={Szabo, Nick},
  journal={Unpublished manuscript},
  year={1994}
}

@article{schoenmakers1999simple,
  title={A simple publicly verifiable secret sharing scheme and its application to electronic voting},
  author={Schoenmakers, Berry},
  journal={Lecture Notes in Computer Science},
  pages={148--164},
  year={1999},
  publisher={Springer}
}
@article{boneh1998decision,
  title={The decision diffie-hellman problem},
  author={Boneh, Dan},
  journal={Algorithmic number theory},
  pages={48--63},
  year={1998},
  publisher={Springer}
}
@article{herzberg1995proactive,
  title={Proactive secret sharing or: How to cope with perpetual leakage},
  author={Herzberg, Amir and Jarecki, Stanis{\l}aw and Krawczyk, Hugo and Yung, Moti},
  journal={Advances in Cryptology—CRYPT0’95},
  pages={339--352},
  year={1995},
  publisher={Springer}
}
@article{kwon16atom,
  author    = {Albert Kwon and
               Henry Corrigan{-}Gibbs and
               Srinivas Devadas and
               Bryan Ford},
  title     = {Atom: Scalable Anonymity Resistant to Traffic Analysis},
  journal   = {CoRR},
  volume    = {abs/1612.07841},
  year      = {2016},
  url       = {http://arxiv.org/abs/1612.07841},
  archivePrefix = {arXiv},
  eprint    = {1612.07841},
  timestamp = {Wed, 07 Jun 2017 14:40:14 +0200},
  biburl    = {http://dblp.org/rec/bib/journals/corr/KwonCDF16},
  bibsource = {dblp computer science bibliography, http://dblp.org}
}
@inproceedings{pedersen1991non,
  title={Non-interactive and information-theoretic secure verifiable secret sharing.},
  author={Pedersen, Torben P and others},
  organization={Springer}
}
@inproceedings{bos2014elliptic,
  title={Elliptic curve cryptography in practice},
  author={Bos, Joppe W and Halderman, J Alex and Heninger, Nadia and Moore, Jonathan and Naehrig, Michael and Wustrow, Eric},
  booktitle={International Conference on Financial Cryptography and Data Security},
  pages={157--175},
  year={2014},
  organization={Springer}
}

@inproceedings{shafagh2017towards,
  title={\href{https://dl.acm.org/citation.cfm?id=3140656}{Towards Blockchain-based Auditable Storage and Sharing of IoT Data}},
  author={Shafagh, Hossein and Burkhalter, Lukas and Hithnawi, Anwar and 
  Duquennoy, Simon},
  booktitle={Proceedings of the 2017 on Cloud Computing Security Workshop},
  pages={45--50},
  year={2017},
  organization={ACM}
}

@article{shoup98securing,
  title={\href{https://link.springer.com/chapter/10.1007/BFb0054113}{Securing threshold cryptosystems against chosen ciphertext attack}},
  author={Shoup, Victor and Gennaro, Rosario},
  journal={Advances in Cryptology --- EUROCRYPT'98},
  pages={1--16},
  year={1998},
  publisher={Springer}
}

@book{swan15blockchain,
  title={\href{http://shop.oreilly.com/product/0636920037040.do}{Blockchain: Blueprint for a new economy}},
  author={Swan, Melanie},
  year={2015},
  publisher={O'Reilly Media, Inc.}
}


@article{schwartz14ripple,
  title={\href{https://ripple.com/files/ripple_consensus_whitepaper.pdf}{The Ripple protocol consensus algorithm}},
  author={Schwartz, David and Youngs, Noah and Britto, Arthur},
  journal={Ripple Labs Inc White Paper},
  pages={5},
  year={2014}
}


@inproceedings{singh06eclipse,
  author    = {Atul Singh and Tseun Ngan and Peter Druschel and Dan Wallach},
  title     = {Eclipse Attacks on Overlay Networks: Threats and Defenses},
  booktitle = {Proceedings of IEEE INFOCOM},
  year      = {2006},
  month     = {April},
  address   = {Barcelona, Spain}
}

@misc{safeTSA,
  key={Safe creative TSA},
  title = {Safe {C}reative {T}imestamping {A}uthority {(TSA)} server},
  howpublished = {\url{http://tsa.safecreative.org/}}
}

@misc{saia:2014:scalable-mpc,
    author = {Jared Saia and Mahdi Zamani},
    title = {\href{http://eprint.iacr.org/2014/872}{Recent Results in Scalable Multi-Party Computation}},
    howpublished = {Cryptology ePrint Archive, Report 2014/872},
    year = {2014},
}

@inproceedings{ samuel10survivable,
	author = {Justin Samuel and Nick Mathewson and Justin Cappos
			and Roger Dingledine},
	title = {\href{http://justinsamuel.com/papers/survivable-key-compromise-ccs2010.pdf}{Survivable Key Compromise in Software Update Systems}},
	booktitle={\bibconf[17th]{CCS}{ACM Conference on
			Computer and Communications security}},
	month = oct,
	year = 2010,
	location = {Chicago, IL},
}

@inproceedings{ sandler07casting,
	author = {Daniel Sandler and Dan S. Wallach},
	title = {Casting Votes in the {Auditorium}},
	booktitle = {\bibconf{EVT}{USENIX/ACCURATE Electronic
			Voting Technology Workshop}},
	month = aug,
	year = 2007,
	location = {Boston, MA},
}

@inproceedings{schechter99auth,
  author = {Schechter, Stuart and Parnell, Todd and Hartemink, Alexander},
  title = {Anonymous Authentication of Membership in Dynamic Groups},
  booktitle = {Proceedings of the Third International Conference on Financial Cryptography},
  series = {FC '99},
  year = {1999},
  pages = {184--195},
  publisher = {Springer-Verlag},
  address = {London, UK, UK},
}

@inproceedings{schiffner11limits,
  author    = {Stefan Schiffner and
               Andreas Pashalidis and
							 Elmar Tischhauser},
  title     = {On the limits of privacy in reputation systems},
  booktitle = {\bibconf{WPES}{Workshop on Privacy in the Electronic Society}},
  location  = {Chicago, IL},
  month     = oct,
  year      = 2011
}

@inproceedings{ schneier99secure,
	author = {Bruce Schneier and John Kelsey},
	title = {Secure Audit Logs to Support Computer Forensics},
	journal = {ACM Transactions on Information and System Security},
	volume = 2,
	number = 2,
	month = may,
	year = 1999,
	pages = {159-176},
}

@article{ schneier13attacking,
	author = {Bruce Schneier},
	title = {Attacking {Tor}: how the {NSA} targets users' online anonymity},
	journal = {The Guardian},
	month = oct,
	day = 4,
	year = 2013,
}

@article{ schneier13nsa,
	author = {Bruce Schneier},
	title = {NSA surveillance: A guide to staying secure},
	journal = {The Guardian},
	month = sep,
	day = 6,
	year = 2013,
}

@article{schneier13offensive,
	author = {Bruce Schneier},
	title = {\href{https://www.schneier.com/blog/archives/2013/06/us_offensive_cy.html}{US Offensive Cyberwar Policy}},
	journal = {Schneier on Security},
	month = jun,
	year = 2013,
	day = 21,
}

@article{ schnorr91efficient,
  title = {\href{https://www.researchgate.net/profile/Claus_Schnorr/publication/227088517_Efficient_signature_generation_by_smart_cards/links/0046353849579ce09c000000.pdf}{Efficient signature generation by smart cards}},
  author = {Schnorr, Claus P.},
  journal = {Journal of Cryptology},
  volume = {4},
  number = {3},
  pages = {161--174},
  year = {1991},
  publisher = {Springer},
  url = {https://www.researchgate.net/profile/Claus_Schnorr/publication/227088517_Efficient_signature_generation_by_smart_cards/links/0046353849579ce09c000000.pdf},
}

@inproceedings{ schoenmakers99simple,
  title = {\href{https://link.springer.com/chapter/10.1007/3-540-48405-1_10}{A simple publicly verifiable secret sharing scheme 
    and its application to electronic voting}},
  author = {Schoenmakers, Berry},
  booktitle = {\bibconf{CRYPTO}{IACR International Cryptology Conference}},
  pages = {784--784},
  year = {1999},
}

@misc{ sedgwick08charlie,
  year={2008},
  month = {May},
  howpublished = {\url{http://www.bostonmagazine.com/articles/2008/04/the-shaggy-god/}},
  author = {John Sedgwick},
  title = {The Shaggy God},
}

@inproceedings{ segal14catching,
	author = {Aaron Segal and Bryan Ford and Joan Feigenbaum},
	title = {Catching Bandits and Only Bandits:
			Privacy-Preserving Intersection Warrants
			for Lawful Surveillance},
	booktitle = {4th USENIX Workshop on Free and Open Communications
			on the Internet (FOCI'14)},
	month = aug,
	year = 2014,
}

@article{sermersheim06lightweight,
  title={Lightweight directory access protocol (LDAP): The protocol},
  author={Sermersheim, Jim},
  year={2006}
}


@article{serjantov05passive,
  year={2005},
  journal={International Journal of Information Security},
  title={Passive-attack analysis for connection-based anonymity systems},
  author={Serjantov, Andrei and Sewell, Peter},
  pages={172-180},
}

@inproceedings{serjantov02metric,
 author = {Serjantov, Andrei and Danezis, George},
 title = {Towards an information theoretic metric for anonymity},
 booktitle = {Proceedings of the 2nd international conference on Privacy enhancing technologies},
 series = {PET'02},
 year = {2003},
} 

@inproceedings{ setty12taking,
  title={Taking proof-based verified computation a few steps closer to practicality},
  author={Setty, Srinath and Vu, Victor and Panpalia, Nikhil and Braun, Benjamin and Blumberg, Andrew J. and Walfish, Michael},
  booktitle={USENIX Security Symposium},
  year={2012}
}

@article{shah08privacy,
  author    = {Mehul A. Shah and
               Ram Swaminathan and
               Mary Baker},
  title     = {Privacy-Preserving Audit and Extraction of 
               Digital Contents},
  journal   = {IACR Cryptology ePrint Archive},
  volume    = {2008},
  year      = {2008},
  pages     = {186}
}


@inproceedings{shamir85ibe,
  title={Identity-based cryptosystems and signature schemes},
  author={Shamir, Adi},
  booktitle={Advances in cryptology},
  year={1985},
}

@article{shamir79share,
  author    = {Adi Shamir},
  title     = {\href{https://cs.jhu.edu/~sdoshi/crypto/papers/shamirturing.pdf}{How to Share a Secret}},
  journal   = {Communications of the ACM},
  volume    = {22},
  number    = {11},
  year      = {1979},
  pages     = {612-613}
}

@inproceedings{shamir79mental,
  title = {Mental Poker},
  author = {Adi Shamir and 
            Ron Rivest and
            Leonard Adleman},
  booktitle = {{MIT} {R}eport, {LCS/TM}-125},
  month = feb,
  year = 1979
}

@inproceedings{shelat2011two,
   author={shelat, abhi and Shen, Chih-Hao},
   title={Two-output secure computation with malicious adversaries},
   booktitle={International Conference on Theory and Applications of Cryptographic Techniques}, 
   publisher={Springer}, 
   month={March},
   year={2011}
}

@article{shen11blind,
	author = {Victor R. L. Shen and
	          Yu fang Chung and
	          Tzer Shyong Chen and 
	          Yu An Lin},
	title = {A blind signature based on discrete logarithm problem},
	journal = {ICIC},
	volume = 7,
	number = 9,
	month = sep,
	year = 2011
}

@INPROCEEDINGS{sherwood02p5,
  author={Sherwood, R. and Bhattacharjee, B. and Srinivasan, A.},
  booktitle={Security and Privacy},
  title={P5 : a protocol for scalable anonymous communication},
  year={2002},
  pages={58-70},
}

@inproceedings{ shmatikov06measuring,
	author = {Vitaly Shmatikov and Ming-Hsiu Wang},
	title = {Measuring Relationship Anonymity in Mix Networks},
	booktitle = {WPES},
	month = oct,
	year = 2006,
	location = {Alexandria, VA},
}
@inproceedings{kateDKG,
    author = {Aniket Kate and Yizhou Huang and Ian Goldberg},
    title = {Distributed Key Generation in the Wild},
    year = {2009},
    booktitle= "29th International Conference on Distributed Computing Systems",
}
@incollection{shmatikov06timing,
  title={Timing analysis in low-latency mix networks: Attacks and defenses},
  author={Shmatikov, Vitaly and Wang, Ming-Hsiu},
  booktitle={Computer Security--ESORICS 2006},
  year={2006},
  publisher={Springer}
}

@inproceedings{ shue13street,
	author = {Craig A. Shue and Nathanael Paul and Curtis R. Taylor},
	title = {From an {IP} Address to a Street Address:
			Using Wireless Signals to Locate a Target},
	booktitle = {\bibbrev[7th]{WOOT}{USENIX Workshop
			on Offensive Technologies}},
	month = aug,
	year = 2013,
}

@misc{shumow07dualec,
    author = {Dan Shumow and Niels Ferguson},
    title = {\href{{http://rump2007.cr.yp.to/15-shumow.pdf}}{{On the Possibility of a Back Door in the NIST SP800-90 Dual EC PRNG}}},
    howpublished = {CRYPTO 2007 Rump Session},
    year = {2007},
    note = {\url{http://rump2007.cr.yp.to/15-shumow.pdf}}
}

@misc{simoens10pvdkg,
    author = {Koen Simoens and Roel Peeters and Bart Preneel},
    title = {{Increased Resilience in Threshold Cryptography: Sharing a Secret with Devices That Cannot Store Shares}},
    howpublished = {Cryptology ePrint Archive, Report 2010/207},
    year = {2010},
    note = {\url{http://eprint.iacr.org/2010/207}},
}

@misc{ sirer13introducing,
	author = {Emin G\"un Sirer},
	title = {\href{http://hackingdistributed.com/2013/06/20/virtual-notary-intro/}{Introducing Virtual Notary}},
	month = jun,
	year = 2013,
}

@inproceedings{ smith98secure,
	author = {Geoffrey Smith and
	          Dennis M. Volpano},
	title = {Secure information flow in a multi-threaded imperative language},
	booktitle = {\bibconf[25th]{POPL}{Symposium on Principles of Programming
			Languages}},
	month = jan,
	year = 1998,
}

@inproceedings{ soghoian11certified,
	author = {Christopher Soghoian and Sid Stamm},
	title = {Certified lies: detecting and defeating
			government interception attacks against SSL},
	booktitle = {Financial Cryptography and Data Security},
	month = feb,
	year = 2011,
}

@article{ soghoian12petraeus,
  title = {Surveillance and Security Lessons From the {Petraeus} Scandal},
  author = {Soghoian, Chris},
  journal = {ACLU Blog},
  month = nov # "~13,",
  year = {2012},
  url = {http://www.aclu.org/blog/technology-and-liberty-national-security/surveillance-and-security-lessons-petraeus-scandal},
}

@misc{sompolinsky13fastbitcoin,
    author = {Yonatan Sompolinsky and Aviv Zohar},
    title = {\href{http://eprint.iacr.org/2013/881}{Accelerating {Bitcoin}'s Transaction Processing.
		Fast Money Grows on Trees, Not Chains}},
    month = dec,
    year = {2013},
    url = {http://eprint.iacr.org/2013/881},
}

@inproceedings{son2010dnscache,
	title={\href{https://www.cs.cornell.edu/~shmat/shmat_securecomm10.pdf}{The
	 Hitchhiker’s Guide to DNS Cache Poisoning}},
	author={Son, Sooel and Shmatikov, Vitaly},
	booktitle={International Conference on Security and Privacy in Communication 
	Systems},
	pages={466--483},
	year={2010},
	organization={Springer}
}

@article{ sputnik15russia,
	key = {Sputnik},
	title = {\href{http://sputniknews.com/business/20150918/1027204933/russian-national-cryptocurrency.html}{Russia's Bitruble to be World's First State-Controlled Cryptocurrency}},
	journal = {Sputnik},
	month = sep,
	year = 2015,
}

@inproceedings{ srinivasan08protecting,
	author = {Vijay Srinivasan and John Stankovic and Kamin Whitehouse},
	title = {Protecting your Daily In-Home Activity Information from a
			Wireless Snooping Attack},
	booktitle = {UbiComp},
	month = sep,
	year = 2008,
}

@inproceedings{ stark09symmetric,
  title = {Symmetric cryptography in {JavaScript}},
  author = {Stark, Emily and Hamburg, Michael and Boneh, Dan},
  booktitle = {Computer Security Applications Conference},
  pages = {373--381},
  year = {2009},
  organization = {{IEEE}}
}

@article{ sweeney96replacing,
  author = {Latanya Sweeney},
  title = {Replacing personally-identifying information in medical records, the scrub system},
  journal = {Journal of the American Medical Informatics Association},
  year = {1996}
}

@article{ syta14security,
	author = {Ewa Syta and Aaron Johnson and Henry Corrigan-Gibbs and
			Shu-Chun Weng and David Isaac Wolinsky and Bryan Ford},
	title = {Security Analysis of Accountable Anonymity in {Dissent}},
	journal = {\bibconf{TISSEC}{ACM Transactions on Information and System Security}},
	month = aug,
	year = 2014,
}

@inproceedings{ syta15decentralizing,
  title={\href{http://dedis.cs.yale.edu/dissent/papers/witness-abs}{Keeping Authorities ``Honest or Bust'' with Decentralized Witness Cosigning}},
  author={Syta, Ewa and Tamas, Iulia and Visher, Dylan and Wolinsky, David Isaac and Jovanovic, Philipp and Gasser, Linus and Gailly, Nicolas and Khoffi, Ismail and Ford, Bryan},
  booktitle = {37th IEEE Symposium on Security and Privacy},
  month = may,
  year={2016},
}

@inproceedings{ syta15decentralizing-short,
  title={\href{http://dedis.cs.yale.edu/dissent/papers/witness-abs}{Keeping Authorities ``Honest or Bust'' with Decentralized Witness Cosigning}},
  author={Ewa Syta and others},
  booktitle = {37th IEEE Symposium on Security and Privacy},
  year={2016},
}

@inproceedings{syta16scalable,
    author = {Ewa Syta and Philipp Jovanovic and Eleftherios Kokoris-Kogias and Nicolas Gailly and Linus Gasser and Ismail Khoffi and Michael J. Fischer and Bryan Ford},
    title = {\href{http://eprint.iacr.org/2016/1067}{Scalable Bias-Resistant Distributed Randomness}},
    booktitle = {38th IEEE Symposium on Security and Privacy},
    month = may,
    year = {2017},
    location = {San Jose, CA},
}


@inproceedings{syverson09entropist,
  author = {Paul Syverson},
  title = {Why {I'm} not an entropist},
  booktitle = {17th International Workshop on Security Protocols},
  month = apr,
  year = {2009},
}

@inproceedings{ szalachowski14policert,
	author = {Pawel Szalachowski and Stephanos Matsumoto and Adrian Perrig},
	title = {\href{http://www.netsec.ethz.ch/publications/papers/ccsfp512-szalachowskiA.pdf}{{PoliCert}: Secure and Flexible {TLS} Certificate Management}},
	booktitle = {\bibconf{CCS}{ACM Conference on Computer and 
			Communications Security}},
	year = 2014,
}

@inproceedings{ szalachowski16pkisn,
  author    = {Pawel Szalachowski and Laurent Chuat and Adrian Perrig},
  title     = {\href{http://arxiv.org/abs/1601.03874}{{PKI} Safety Net {(PKISN):} Addressing the Too-Big-to-Be-Revoked Problem of the {TLS} Ecosystem}},
  booktitle = {1st IEEE European Symposium on Security and Privacy},
  month     = mar,
  year      = {2016},
}

%T

@article{thompson84reflections,
	author = {Thompson, Ken},
	title = {\href{https://www.ece.cmu.edu/~ganger/712.fall02/papers/p761-thompson.pdf}{Reflections on Trusting Trust}},
	journal = {Commun. ACM},
	volume = {27},
	number = {8},
	month = aug,
	year = {1984},
	pages = {761--763},
	publisher = {ACM},
} 

@article{ thomsen15ashley,
	author = {Simon Thomsen},
	title = {\href{http://uk.businessinsider.com/cheating-affair-website-ashley-madison-hacked-user-data-leaked-2015-7?r=US&IR=T}{Ashley Madison data breach
}},
	month = jul,
	year = 2015,
}

@article{thomas15interledger,
  title={\href{{https://interledger.org/interledger.pdf}}{A protocol for interledger payments}},
  author={Thomas, Stefan and Schwartz, Evan},
  url={https://interledger.org/interledger.pdf},
  year={2015}
}

@article{ taylor11behind,
  author = {Taylor, Greg and Cox, George},
  title = {Behind Intel's New Random-Number Generator},
  year = 2011,
  month = sep,
  journal = {{IEEE} Spectrum},
}

@inproceedings{tomescu17catena, 
    author={Alin Tomescu and Srini Devadas}, 
    title={\href{https://people.csail.mit.edu/devadas/pubs/catena.pdf}{Catena: Efficient Non-equivocation via Bitcoin}}, 
    booktitle={38th IEEE Symposium on Security and Privacy}, 
    year={2017}, 
    pages={393-409}, 
    doi={10.1109/SP.2017.19}, 
    month={May},
}

@inproceedings{torres16omitting,
	author = {Santiago Torres-Arias and Anil Kumar Ammula and Reza Curtmola 
	and Justin Cappos},
	title = 
	{\href{https://www.usenix.org/system/files/conference/usenixsecurity16/sec16_paper_torres-arias.pdf}
	 {On Omitting Commits and Committing Omissions: Preventing Git Metadata 
	Tampering That (Re)introduces Software Vulnerabilities}},
	booktitle = {\bibconf[25th]{USENIX Security 16}{USENIX Security Symposium}},
	year = {2016},
	month=aug
}

@inproceedings{tsang07blacklistable,
  title={Blacklistable anonymous credentials: {B}locking 
			misbehaving users without {TTP}s},
  author={Tsang, Patrick P and Au, Man Ho and Kapadia, Apu and Smith, Sean W},
  booktitle={\bibconf[14th]{CCS}{Proceedings of the 14th 
			ACM conference on Computer and communications security}},
  month=oct,
	year=2007
}

@inproceedings{bhattacharya11computer,
  title={Computer viruses in urban {Indian} telecenters: Characterizing an unsolved problem},
  author={Bhattacharya, Prasanta and Thies, William},
  booktitle={\bibconf[5th]{NSDR}{ACM workshop on Networked systems for developing regions}},
  year={2011},
  month=jun,
}

@misc{ tsakalaki13ensure,
  author = {Elpiniki Tsakalaki},
  title = {{MSC32-C}. Ensure your random number generator is properly seeded},
  howpublished = {\url{https://www.securecoding.cert.org/confluence/display/seccode/MSC32-C.+Ensure+your+random+number+generator+is+properly+seeded}},
}

@inproceedings{tsang08perea,
  author = {Tsang, Patrick P. and Au, Man Ho and Kapadia, Apu and Smith, Sean W.},
  title = {PEREA: towards practical TTP-free revocation in anonymous authentication},
  booktitle = {Proceedings of the 15th ACM conference on Computer and communications security},
  booktitle = {\bibconf{CCS}{ACM conference on computer and 
    communications security}},
  year = {2008},
  pages = {333--344},
  numpages = {12},
  publisher = {ACM},
  address = {New York, NY, USA},
} 

@incollection{ tsiounis98security,
  year = {1998},
  booktitle = {Public Key Cryptography},
  volume = {1431},
  series = {Lecture Notes in Computer Science},
  editor = {Imai, Hideki and Zheng, Yuliang},
  title = {On the security of {ElGamal} based encryption},
  publisher = {Springer Berlin Heidelberg},
  author = {Tsiounis, Yiannis and Yung, Moti},
  pages ={117-134}
  }

@article{ tsujii89ibe,
  title={An {ID}-based cryptosystem based on the discrete logarithm problem},
  author={Tsujii, Shigeo and Itoh, Toshiya},
  journal={{IEEE} Journal on Selected Areas in Communications},
  year={1989},
}

@misc{tor-directory,
	key={Tor directory protocol},
	title = {Tor directory protocol, version 3},
	howpublished = {\url{https://gitweb.torproject.org/torspec.git/tree/dir-spec.txt}},
	year = 2014,
}

@article{ tung15google,
	author = {Liam Tung},
	title = {\href{http://www.zdnet.com/article/google-banishes-chinas-main-digital-certificate-authority-cnnic/}{Google boots China's main digital certificate authority CNNIC}},
	journal = {ZDNet},
	month = apr,
	day = 2,
	year = 2015,
}

%U



@inproceedings{venkatadri18privacy,
  title={\href{https://mislove.org/publications/PII-Oakland.pdf}{Privacy Risks with Facebook’s PII-based Targeting: Auditing a Data Broker’s Advertising Interface}},
  author={Venkatadri, Giridhari and Andreou, Athanasios and Liu, Yabing and Mislove, Alan and Gummadi, Krishna P and Loiseau, Patrick and Goga, Oana},
  booktitle={IEEE Symposium on Security and Privacy (SP)},
  pages={221--239},
  year={2018}
}

@article{ vaas13use,
	author = {Lisa Vaas},
	title = {\href{http://nakedsecurity.sophos.com/2013/12/20/use-of-tor-pointed-fbi-to-harvard-university-bomb-hoax-suspect/}{Use of Tor pointed FBI to Harvard University bomb hoax suspect}},
	journal = {Naked Security},
	month = dec # "~20,",
	year = 2013,
}

@article{vaidya05secure,
  author = {Jaideep Vaidya and Chris Clifton},
  title = {Secure set intersection cardinality with application to
           association rule mining},
  journal = {Journal of Computer Security},
  volume = {13},
  number = {4},
  year = 2005,
  pages = {593-622}
}

@misc{ valverde15replay,
	author = {Thiago Valverde},
	title = {\href{http://blog.valverde.me/2015/12/07/bad-life-advice/}{Bad life advice -- Replay attacks against {HTTPS}}},
	month = dec,
	year = 2015,
	note = {Blog},
}

@inproceedings{ verde14no,
	author = {Nino Vincenzo Verde and Giuseppe Ateniese
			and Emanuele Gabrielli and Luigi Vincenzo Mancini
			and Angelo Spognardi},
	title = {``No NAT'd User left Behind'': Fingerprinting Users
			behind {NAT} from {NetFlow} Records alone},
	booktitle = {\bibconf[34th]{ICDCS}{International Conference on Distributed Computing Systems}},
	month = jul,
	year = 2014,
}

@inproceedings{ verkamp12inferring,
	author = {John-Paul Verkamp and Minaxi Gupta},
	title = {Inferring Mechanics of {Web} Censorship Around the World},
	booktitle = {\bibconf[2nd]{FOCI}{USENIX Workshop on 
			Free and Open Communications on the Internet}},
	month = aug,
	year = 2012,
	location = {Bellevue, WA},
}

@misc{ voisin13mat,
  year = {2013},
  month = {may},
  title = {The Metadata Anonymization Toolkit},
  howpublished = {\url{http://arxiv.org/abs/1212.3648}},
  author = {Julien Voisin and Christophe Guyeux and Jacques M. Bahi},
}

@inproceedings{ volpano97eliminating,
	author = {Dennis M. Volpano and
	          Geoffrey Smith},
	title = {Eliminating covert flows with minimum typings},
	booktitle = {\bibconf[10th]{CSFW}{Computer Security Foundations Workshop}},
	month = jun,
	year = 1997,
}

@misc{ vorick18state,
	author = {David Vorick},
	title = {\href{https://blog.sia.tech/the-state-of-cryptocurrency-mining-538004a37f9b}{The State of Cryptocurrency Mining}},
	month = may,
	year = 2018,
	url = {https://blog.sia.tech/the-state-of-cryptocurrency-mining-538004a37f9b},
}

@inproceedings{von06selectively,
  title={Selectively traceable anonymity},
  author={von Ahn, Luis and Bortz, Andrew and Hopper, Nicholas J and O?eill, Kevin},
  booktitle={Privacy Enhancing Technologies},
  pages={208--222},
  year={2006},
  organization={Springer}
}

@inproceedings{vukolic15quest,
  title={\href{http://vukolic.com/iNetSec_2015.pdf}{The quest for scalable blockchain fabric: Proof-of-work vs. BFT replication}},
  author={Vukoli{\'c}, Marko},
  booktitle={International Workshop on Open Problems in Network Security},
  pages={112--125},
  year={2015},
  organization={Springer}
}

%W

@article{wood14ethereum,
  title={\href{https://github.com/ethereum/wiki/wiki/White-Paper}{Ethereum: A Secure Decentralised Generalised Transaction Ledger}},
  author={Wood, Gavin},
  journal={Ethereum Project Yellow Paper},
  year={2014}
}

@inproceedings{wang08cache,
  author    = {Zhenhong Wang and
               Ruby B. Lee},
  title     = {A novel cache architecture with enhanced performance and security},
  booktitle = {IEEE/ACM \bibconf[41th]{Micro}{International Symposium on Microarchitecture}},
  year      = 2008
}



@inproceedings{wang10privacy,
  author    = {Cong Wang and
               Qian Wang and
               Kui Ren and
               Wenjing Lou},
  title     = {Privacy-Preserving Public Auditing for Data Storage Security
               in Cloud Computing},
  booktitle = {\bibconf[29th]{INFOCOM}{IEEE INFOCOM}},
  location  = {San Deigo, CA},
  month     = mar,
  year      = 2010
}


@article{wang10publicly,
  author    = {Cong Wang and
               Kui Ren and
               Wenjing Lou and
               Jin Li},
  title     = {Toward publicly auditable secure 
               cloud data storage services},
  journal   = {IEEE Network},
  volume    = {24},
  number    = {4},
  year      = {2010},
  pages     = {19-24}
}


@article{wang11enabling,
  author    = {Qian Wang and
               Cong Wang and
               Kui Ren and
               Wenjing Lou and
               Jin Li},
  title     = {Enabling Public Auditability and Data Dynamics for Storage
               Security in Cloud Computing},
  journal   = {IEEE Transactions on Parallel and Distributed Systems},
  volume    = {22},
  number    = {5},
  year      = {2011},
  pages     = {847-859}
}

@article{wang13privacy,
  author    = {Cong Wang and
               Sherman S. M. Chow and
               Qian Wang and
               Kui Ren and
               Wenjing Lou},
  title     = {Privacy-Preserving Public Auditing for 
                Secure Cloud Storage},
  journal   = {IEEE Transactions on Computers},
  volume    = {62},
  number    = {2},
  year      = {2013},
  pages     = {362-375}
}

@inproceedings{ wang12censorspoofer,
	author = {Qiyan Wang and Xun Gong and Giang T. K. Nguyen and
			Amir Houmansadr and Nikita Borisov},
	title = {{CensorSpoofer}: Asymmetric Communication using {IP} Spoofing
			for Censorship-Resistant Web Browsing},
	booktitle = {\bibconf[19th]{CCS}{ACM Conference on 
			Computer and Communications Security}},
	location = {Raleigh, NC},
	month = oct,
	year = 2012,
}

@inproceedings{ wang14effective,
	author = {Tao Wang and Xiang Cai and Rishab Nithyanand and Rob Johnson
			and Ian Goldberg},
	title = {Effective Attacks and Provable Defenses 
			for Website Fingerprinting},
	booktitle = {USENIX Security Symposium},
	month = aug,
	year = 2014,
}

@article{watanabe11signature,
  title={Account Management Method with Blind Signature Scheme},
  author={Watanabe, Ryu and Miyake, Yutaka},
  journal={Engineering and Technology, World of Science},
  year={2011}
}

@inproceedings{waters04dosresistance,
    author = {Waters, Brent and Juels, Ari and Halderman, J. Alex and Felten, Edward W.},
    title = {{New Client Puzzle Outsourcing Techniques for DoS Resistance}},
    booktitle = {Proceedings of the 11th ACM Conference on Computer and Communications Security},
    series = {CCS '04},
    year = {2004},
    isbn = {1-58113-961-6},
    location = {Washington DC, USA},
    pages = {246--256},
    numpages = {11},
    url = {http://doi.acm.org/10.1145/1030083.1030117},
    doi = {10.1145/1030083.1030117},
    acmid = {1030117},
    publisher = {ACM},
    address = {New York, NY, USA},
    keywords = {DoS, client puzzles, denial-of-service},
} 

@article{ watts13rowling,
	author = {Robert Watts},
	title = {{JK Rowling} unmasked as author of acclaimed detective novel},
	journal = {The Telegraph},
	month = jul # "~13,",
	year = 2013,
	url = {http://www.telegraph.co.uk/culture/books/10178344/JK-Rowling-unmasked-as-author-of-acclaimed-detective-novel.html}
}

@article{ weissman15how,
	author = {Cale Guthrie Weissman},
	title = {How a man who worked for the Lottery Association may have
			hacked the system for a winning ticket},
	journal = {Business Insider},
	month = apr,
	day = 13,
	year = 2015,
}

@inproceedings{ wendlandt08perspectives,
	author = {Dan Wendlandt and David G. Andersen and Adrian Perrig},
	title = {Perspectives: Improving {SSH}-style Host Authentication
			with Multi-Path Probing},
	booktitle = {\bibconf{USENIX ATC}{USENIX Annual Technical Conference}},
	month = jun,
	year = 2008,
	location = {Boston, MA},
}

@inproceedings{ whitten99johnny,
  author = {Whitten, Alma and Tygar, J. D.},
  title = {Why Johnny can't encrypt: a usability evaluation of PGP 5.0},
  booktitle = {Proceedings of the 8th conference on USENIX Security Symposium - Volume 8},
  series = {SSYM'99},
  year = {1999},
  location = {Washington, D.C.},
  pages = {14--14},
  publisher = {USENIX Association},
  address = {Berkeley, CA, USA},
} 

@book{william04recommendation,
  title={Recommendation for the triple data encryption algorithm ({TDEA}) block cipher},
  author={Barker, William Curt},
  year={2004},
  publisher={US Department of Commerce, Technology Administration, National Institute of Standards and Technology}
}



@inproceedings{wolchok10defeating,
  title={Defeating Vanish with Low-Cost Sybil Attacks Against Large DHTs.},
  author={Wolchok, Scott and Hofmann, Owen S and Heninger, Nadia and Felten, Edward W and Halderman, J Alex and Rossbach, Christopher J and Waters, Brent and Witchel, Emmett},
  booktitle={NDSS},
  year={2010}
}

@inproceedings{ wolinsky14managing,
	author = {David Isaac Wolinsky and Daniel Jackowitz and Bryan Ford},
	title = {Managing {NymBoxes} for Identity and Tracking Protection},
	booktitle = {USENIX Conference on Timely Results in Operating Systems},
	month = oct,
	year = 2014,
	location = {Broomfield, CO},
}

@inproceedings{ wright03defending,
	author = {Matthew Wright and Micah Adler and Brian N. Levine
			and Clay Shields},
	title = {Defending Anonymous Communications Against
			Passive Logging Attacks},
	booktitle = {IEEE Security and Privacy},
	month = may,
	year = 2003,
}

@article{wright08passive,
 author = {Wright, Matthew K. and Adler, Micah and Levine, Brian Neil and Shields, Clay},
 title = {Passive-Logging Attacks Against Anonymous Communications Systems},
 journal = {\bibbrev{TISSEC}{ACM Transactions on Information and System Security}},
 month = may,
 year = {2008},
}

%X

@article{xia2017medshare,
  title={MeDShare: Trust-Less Medical Data Sharing Among Cloud Service 
  Providers via Blockchain},
  author={Xia, Qi and Sifah, Emmanuel Boateng and Asamoah, Kwame Omono and Gao, 
  Jianbin and Du, Xiaojiang and Guizani, Mohsen},
  journal={IEEE Access},
  volume={5},
  pages={14757--14767},
  year={2017},
  publisher={IEEE}
}

@inproceedings{xiao13structural,
  author    = {Hongda Xiao and
               Bryan Ford and
               Joan Feigenbaum},
  title     = {Structural Cloud Audits that Protect Private Information},
  booktitle = {\bibconf{CCSW}{ACM Cloud Computing Security Workshop}},
  location  = {Berlin, Germany},
  month     = nov,
  year      = 2013
}

@inproceedings{zander13scalable,
  author    = {Sebastian Zander and
               Lachlan L. H. Andrew and
               Grenville Armitage},
  title      = {Scalable private set intersection cardinality for
                capture-recapture with multiple private datasets},
  booktitle  = {Centre for Advanced Internet Architectures, Technical
                Report 130930A},
  year       = 2013
} 


%Y

@article{yermack17corporate,
  title={\href{https://academic.oup.com/rof/article/21/1/7/2888422}{Corporate governance and blockchains}},
  author={Yermack, David},
  journal={Review of Finance},
  volume={21},
  number={1},
  pages={7--31},
  year={2017},
  publisher={Oxford University Press}
}

@article{ylonen06secure,
  title={The secure shell (SSH) protocol architecture},
  author={Ylonen, Tatu and Lonvick, Chris},
  year={2006}
}

@inproceedings{yao82protocols,
  author    = {Andrew Chi-Chih Yao},
  title     = {Protocols for Secure Computations ({E}xtended Abstract)},
  booktitle = {\bibconf[23rd]{FOCS}{Annual Symposium on Foundations of
                Computer Science}},
  location  = {Chicago, IL},
  month     = nov,
  year      = 1982
}


@inproceedings{ yilek09private,
  author = {Scott Yilek and Eric Rescorla and Hovav Shacham and
                Brandon Enright and Stefan Savage},
  title = {When Private Keys are Public: Results From the 2008
  {Debian} {OpenSSL} Vulnerability},
  booktitle = {Proceedings of IMC},
  year = 2009,
  editor = {Anja Feldmann and Laurent Mathy},
  month = nov,
  publisher = {ACM Press},
  pages = {15-27}
}

@inproceedings{ young97kleptography,
  title = {Kleptography: Using cryptography against cryptography},
  author = {Young, Adam and Yung, Moti},
  booktitle = {{EUROCRYPT}},
  pages = {62--74},
  year = {1997},
}

@inproceedings{ yu08sybillimit,
	author = {Haifeng Yu and Phillip B. Gibbons and Michael Kaminsky 
			and Feng Xiao},
	title = {\href{https://www.iscs.nus.edu.sg/~yuhf/sybillimit-tr.pdf}{{SybilLimit}: {A} Near-Optimal Social Network Defense
			against Sybil Attacks}},
	booktitle = {\bibconf[29th]{S{\&}P}{IEEE Symposium on Security and
			Privacy}},
	location = {Oakland, CA},
	month = may,
	year = 2008,
	url = {https://www.iscs.nus.edu.sg/~yuhf/sybillimit-tr.pdf},
}

@inproceedings{yu09dsybil,
  author    = {Haifeng Yu and
	             Chenwei Shi and
	             Michael Kaminsky and
	             Phillip B. Gibbons and
	             Feng Xiao},
  title     = {D{S}ybil: {O}ptimal Sybil-resistance for recommendation systems},
  booktitle = {\bibconf[30th]{S{\&}P}{IEEE Symposium on Security and Privacy}},
  location  = {Oakland, CA},
  month     = may,
  year      = 2009
}



%Z

@article{zilliqa18zilliqa,
  title={ The ZILLIQA Technical Whitepaper },
  author={The ZILLIQA Team},
  year={2018}
}


@article{zhou02coca,
  title={COCA: A secure distributed online certification authority},
  author={Zhou, Lidong and Schneider, Fred B and Van Renesse, Robbert},
  journal={ACM Transactions on Computer Systems (TOCS)},
  volume={20},
  number={4},
  pages={329--368},
  year={2002},
  publisher={ACM}
}
@misc{zhang17rem,
    author = {Fan Zhang and Ittay Eyal and Robert Escriva and Ari Juels and Robbert van Renesse},
    title = {\href{http://eprint.iacr.org/2017/179.pdf}{REM: Resource-Efficient Mining for Blockchains}},
    howpublished = {Cryptology ePrint Archive, Report 2017/179},
    year = {2017},
    note = {\url{http://eprint.iacr.org/2017/179}},
}


@misc{zamani14mpc,
    author = {Mahdi Zamani and Mahnush Movahedi and Jared Saia},
    title = {\href{https://eprint.iacr.org/2014/149.pdf}{Millions of Millionaires: Multiparty Computation in Large Networks}},
    howpublished = {Cryptology ePrint Archive, Report 2014/149},
    year = {2014},
}

@inproceedings{zhai16anonrep,
	author = {Ennan Zhai and
		          David Isaac Wolinsky and
		          Ruichuan Chen and
		          Ewa Syta and 
		          Chao Teng and
		          Bryan Ford},
	title = {Anon{R}ep: {T}owards tracking-resistant anonymous
		         reputation},
	booktitle = {\bibconf[13th]{NSDI}{USENIX Symposium on Networked 
				         Systems Design and Implementation}},
  location  = {Santa Clara, CA},
  month     = mar,
  year      = 2016
}

@inproceedings{ zhang11inferring,
	author = {Fan Zhang and Wenbo He and Xue Liu and Patrick G. Bridges},
	title = {Inferring Users' Online Activities Through Traffic Analysis},
	booktitle = {WiSec},
	month = jun,
	year = 2011,
}

@inproceedings{zhang2013picco,
   author={Zhang, Yihua and Steele, Aaron and Blanton, Marina},
   title={Picco: A general-purpose compiler for private distributed computation},
   booktitle={{ACM} Conference on Computer and Communications Security},
   month={November},
   year={2013}
}

@article{zhou02coca,
  title={\href{http://www.cs.cornell.edu/fbs/publications/cocaTOCS.pdf}{COCA: A Secure Distributed Online Certification Authority}},
  author={Zhou, Lidong and Schneider, Fred B and Van Renesse, Robbert},
  journal={ACM Transactions on Computer Systems (TOCS)},
  volume={20},
  number={4},
  pages={329--368},
  year={2002},
  publisher={ACM}
}





% Misc...

@misc{bbc12cispa,
  author = {{BBC}},
  month = {April},
  year = {2012},
  title = {Cyber-security bill Cispa passes US House},
  howpublished = {\url{http://www.bbc.co.uk/news/world-us-canada-17864539}}
}

@misc{cnn12wikileaks,
  author = {Laura Smith-Spark},
  month = {July},
  year = {2012},
  title = {Extradition deadline passes for WikiLeaks' Assange},
  booktitle = {{CNN}},
  howpublished = {\url{http://articles.cnn.com/2012-07-07/world/world_europe_uk-sweden-assange_1_julian-assange-swedish-prosecution-authority-wikileaks-assange}}
}

@misc{ intercept15strawhorse,
	author = {The Intercept},
	title = 
	{\href{https://theintercept.com/document/2015/03/10/strawhorse-attacking-macos-ios-software-development-kit/}
	{Strawhorse: Attacking the macOS and iOS Software Development Kit}},
	day = 10,
	month = mar,
	year = {2015}
}

@misc{ mozilla-cors,
  title = {{HTTP} access control ({CORS})},
  author = {{Mozilla Developer Network}},
  howpublished = {\url{https://developer.mozilla.org/en-US/docs/HTTP/Access_control_CORS}}
}

@misc{ openpgpjs,
  title = {{OpenPGP.js}},
  key = {OpenPGP.js},
  howpublished = {\url{http://openpgpjs.github.io/}},
}

@misc{pbc,
  author = {Stanford University}, 
  title = {The Pairing-Based Cryptography Library}, 
  howpublished = {\url{http://crypto.stanford.edu/pbc/}}
}

@misc{perry11firefox,
  author = {Mike Perry},
  month = {May},
  year = {2011},
  howpublished = {\url{https://blog.torproject.org/blog/toggle-or-not-toggle-end-torbutton}},
  title = {To Toggle, or not to Toggle: The End of Torbutton},
}

@misc{ sjcl-ecc,
  title = {Stanford {Javascript} Crypto Library - {ECC} branch},
  key = {Stanford {Javascript} Crypto Library - {ECC} branch},
  howpublished = {\url{https://github.com/bitwiseshiftleft/sjcl/tree/ecc}},
}

@misc{ www13cross,
  title = {Cross-Origin Resource Sharing},
  editor = {Anne van Kesteren},
  year = 2013,
  month = jan,
  day = 29,
  publisher = {{W3C}},
  key = {van Kesteren},
  howpublished = {\url{http://www.w3.org/TR/2013/CR-cors-20130129/}},
}


%%%%%%
% Vulnerabilites from the CVD

@misc{ cve-2000-0357,
  key = {cve-2000-0357},
  title = {{CVE-2000-0357}: {ORBit} and esound in 
    {Red Hat Linux} do not use sufficiently random numbers},
  year = 1999,
  month = dec,
}

@misc{ cve-2001-0950,
  key = {cve-2001-0950},
  title = {{CVE-2001-0950}: {ValiCert Enterprise Validation Authority} 
    uses insufficiently random data}, 
  year = 2001,
  month = jan,
}

@misc{ cve-2001-1141,
  key = {cve-2001-1141},
  title = {{CVE-2001-1141}: {PRNG} in {SSLeay} and {OpenSSL} 
    could be used by attackers to predict future pseudo-random numbers},
  year = 2001,
  month = jul,
}

@misc{ cve-2001-1467,
  key = {cve-2001-1467},
  title = {{CVE-2001-1467}: mkpasswd, as used by {Red Hat Linux},
    seeds its random number generator with its process {ID}},
  year = 2001,
  month = apr,
}

@misc{ cve-2003-1376,
  key = {cve-2003-1376},
  title = {{CVE-2003-1376}: {WinZip} uses weak random number generation 
    for password protected {ZIP files}},
  year = 2003,
  month = dec,
}

@misc{ cve-2005-3087,
  key = {cve-2005-3087},
  title = {{CVE-2005-3087}: {SecureW2 TLS} implementation uses weak random 
    number generators during generation of the pre-master secret},
  year = 2005,
  month = sep,
}

@misc{ cve-2006-1378,
  key = {cve-2006-1378},
  title = {{CVE-2006-1378}: {PasswordSafe} uses a weak random number generator},
  year = 2006,
  month = mar,
}

@misc{ cve-2006-1833,
  key = {cve-2006-1833},
  title = {{CVE-2006-1833}: {Intel RNG Driver} in {NetBSD} may 
        always generate the same random number},
  year = 2006,
  month = apr,
}

@misc{ cve-2007-2453,
  key = {cve-2007-2453},
  title = {{CVE-2007-2453}: Random number feature in {Linux} kernel 
    does not properly seed pools when there is no entropy},
  year = 2007,
  month = jun,
}

@misc{ cve-2008-0141,
  key = {cve-2008-0141},
  title = {{CVE-2008-0141}: {WebPortal CMS} generates 
    predictable passwords containing only the time of day},
  year = 2008,
  month = jan,
}

@misc{ cve-2008-0166,
  key = {cve-2008-0166},
  title = {{CVE-2008-0166}: {OpenSSL} on {Debian}-based operating 
    systems uses a random number generator 
    that generates predictable numbers},
  year = 2008,
  month = jan,
}

@misc{ cve-2008-2108,
  key = {cve-2008-2108},
  title = {{CVE-2008-2108}: {GENERATE\_SEED} macro in PHP 
    produces 24 bits of entropy and simplifies brute force attacks against 
   the rand and mt\_rand functions},
  year = 2008,
  month = may,
}

@misc{ cve-2008-5162,
  key = {cve-2008-5162},
  title = {{CVE-2008-5162}: The arc4random function in {FreeBSD} 
          does not have a proper entropy source 
          for a short time period immediately after boot},
  year = 2008,
  month = nov,
}

@misc{ cve-2009-0255,
  key = {cve-2009-0255},
  title = {{CVE-2009-0255}: {TYPO3} creates the encryption key with an insufficiently random seed},
  year = 2009,
  month = jan,
}

@misc{ cve-2009-3238,
  key = {cve-2009-3238},
  title = {{CVE-2009-3238}: {Linux} kernel produces insufficiently random numbers},
  year = 2009,
  month = sep,
}

@misc{ cve-2009-3278,
  key = {cve-2009-3278},
  title = {{CVE-2009-3278}: {QNAP} uses rand library function to generate a certain recovery key},
  year = 2009,
  month = sep,
}

@misc{ cve-2011-3599,
  key = {cve-2011-3599},
  title = {{CVE-2011-3599}: {Crypt::DSA} for Perl, when /dev/random is absent, 
    uses the {Data::Random} module}, 
  year = 2011,
  month = oct,

}

%%%%% FIPS
@misc{ dsa,
  author = {{Federal Information Processing Standards Publication}},
  title = {Digital Signature Standard ({DSS})},
  year = {2013},
  month = {July},
  note = {FIPS 186-4},
}

@misc{murmur,
  title = {Murmur Hash},
  note = {\url{http://en.wikipedia.org/wiki/MurmurHash}}
}

@misc{health16blockchain,
  author = {{The Office of the National Coordinator for Health Information Technology}},
  title = {Use of Blockchain in Health IT and Health-related Research Challenge},
  year = {2016},
  month = {Sep},
}

@misc{PoE,
  author = {{Wikipedia}},
  title = {\href{{http://en.wikipedia.org/wiki/Proof_of_Existence}}{Proof of Existence}},
  year = {2017},
  month = {April},
}

@inproceedings{cristofaro13linear,
  author    = {Emiliano De Cristofaro and
               Jihye Kim and
               Gene Tsudik},
  title     = {Linear-Complexity Private Set Intersection Protocols Secure
               in Malicious Model},
  booktitle = {ASIACRYPT},
  year      = {2010}
}

@inproceedings{evfimievski03limiting,
  author    = {Alexandre V. Evfimievski and
               Johannes Gehrke and
               Ramakrishnan Srikant},
  title     = {Limiting privacy breaches in privacy preserving data mining},
  booktitle = {PODS},
  year      = {2003}
}

@inproceedings{frikken07privacy,
  author    = {Keith B. Frikken},
  title     = {Privacy-Preserving Set Union},
  booktitle = {\bibbrev{ACNS}{Applied Cryptography and Network Security}},
  year      = {2007}
}

@inproceedings{hohenberger06privacy,
  author    = {Susan Hohenberger and
               Stephen A. Weis},
  title     = {Honest-Verifier Private Disjointness Testing Without Random
               Oracles},
  booktitle = {\bibconf{PETS}{Privacy Enhancing Technologies}},
	location  = {New York, NY},
	month     = jun, 
  year      = 2006
}

@inproceedings{stefanov12policy,
  author    = {Emil Stefanov and
               Elaine Shi and
               Dawn Song},
  title     = {Policy-Enhanced Private Set Intersection: {S}haring Information While Enforcing Privacy Policies},
  booktitle = {Public Key Cryptography},
  year      = {2012}
}

@inproceedings{huang12private,
  author    = {Yan Huang and
               David Evans and
               Jonathan Katz},
  title     = {Private Set Intersection: Are Garbled Circuits Better than
               Custom Protocols?},
  booktitle = {NDSS},
  year      = {2012}
}

@inproceedings{dachman-soled09efficient,
  author    = {Dana Dachman-Soled and
               Tal Malkin and
               Mariana Raykova and
	             Moti Yung},
  title     = {Efficient Robust Private Set Intersection},
  booktitle = {\bibbrev{ACNS}{Applied Cryptography and Network Security}},
  year      = {2009}
}

@inproceedings{kiayias05testing,
  author    = {Aggelos Kiayias and
               Antonina Mitrofanova},
  title     = {Testing Disjointness of Private Datasets},
  booktitle = {Financial Cryptography and Data Security},
  year      = {2005}
}

@article{jaccard,
  author = {Paul Jaccard},
  journal = {Bulletin de la Soci\'et\'e Vaudoise des Sciences Naturelles},
  title = {{\'Etude} comparative de la distribution florale dans une portion des {A}lpes et du {J}ura},
  volume = 37,
  number = 142,
  pages = {547-579},
  month = jun,
  year = 1901,
}

@incollection{eyal14majority,
  title={\href{https://www.cs.cornell.edu/~ie53/publications/btcProcFC.pdf}{Majority is not enough: {Bitcoin} mining is vulnerable}},
  author={Eyal, Ittay and Sirer, Emin G{\"u}n},
  booktitle={Financial Cryptography and Data Security},
  pages={436--454},
  year={2014},
  publisher={Springer},
  url={https://www.cs.cornell.edu/~ie53/publications/btcProcFC.pdf},
}

@article{mazieres15stellar,
  title={\href{https://www.stellar.org/papers/stellar-consensus-protocol.pdf}{The {Stellar} Consensus Protocol: A Federated Model for {Internet}-level Consensus}},
  author={Mazi\`eres, David},
  month=feb,
  year={2016},
  url={https://www.stellar.org/papers/stellar-consensus-protocol.pdf},
}

@incollection{garay15bitcoin,
  title={\href{https://eprint.iacr.org/2014/765.pdf}{The {Bitcoin} backbone protocol: Analysis and applications}},
  author={Garay, Juan and Kiayias, Aggelos and Leonardos, Nikos},
  booktitle={EUROCRYPT 2015},
  pages={281--310},
  year={2015},
  publisher={Springer},
  url={https://eprint.iacr.org/2014/765.pdf},
}

@techreport{miller14anonymous,
  title={Anonymous {Byzantine} Consensus from Moderately-Hard Puzzles:
		A Model for {Bitcoin}},
  author={Miller, Andrew and LaViola Jr., Joseph J.},
  institution={University of Central Florida},
  number={CS-TR-14-01},
  month=apr,
  year={2014},
  url={https://socrates1024.s3.amazonaws.com/consensus.pdf},
}

@inproceedings{miller15shadow,
  title={\href{https://www.usenix.org/conference/cset15/workshop-program/presentation/miller}{Shadow-Bitcoin: scalable simulation via direct execution of multi-threaded applications}},
  author={Miller, Andrew and Jansen, Rob},
  booktitle={8th Workshop on Cyber Security Experimentation and Test (CSET 15)},
  year={2015},
  url={https://www.usenix.org/conference/cset15/workshop-program/presentation/miller},
}

@inproceedings{karame12double,
  title={\href{https://eprint.iacr.org/2012/248.pdf}{Double-spending fast payments in {Bitcoin}}},
  author={Karame, Ghassan O and Androulaki, Elli and Capkun, Srdjan},
  booktitle={19th ACM Conference on Computer and communications security},
  pages={906--917},
  year={2012},
  organization={ACM},
  url={https://eprint.iacr.org/2012/248.pdf},
}

@inproceedings{heilman15eclipse,
  title={\href{https://www.usenix.org/system/files/conference/usenixsecurity15/sec15-paper-heilman.pdf}{Eclipse Attacks on {Bitcoin}'s Peer-to-Peer Network}},
  author={Heilman, Ethan and Kendler, Alison and Zohar, Aviv and Goldberg, Sharon},
  booktitle={24th USENIX Security Symposium},
  pages={129--144},
  year={2015},
  url={https://www.usenix.org/system/files/conference/usenixsecurity15/sec15-paper-heilman.pdf},
}

@InProceedings{decker16bitcoin,
	author =	{Christian Decker and Jochen Seidel and Roger Wattenhofer},
	title =	{\href{http://www.tik.ee.ethz.ch/file/ed3e5da74fbca5584920e434d9976a12/peercensus.pdf}{Bitcoin Meets Strong Consistency}},
	booktitle =	{{17th International Conference on Distributed Computing and Networking (ICDCN), Singapore}},
	month =	{January},
	year =		{2016},
	url =		{http://www.tik.ee.ethz.ch/file/ed3e5da74fbca5584920e434d9976a12/peercensus.pdf},
}

@misc{securedrop,
	title = {{SecureDrop}},
	key = {SecureDrop},
	note = {\url{https://pressfreedomfoundation.org/securedrop/}},
}

@misc{random-org,
	author = {{Randomness and Integrity Services Ltd.}},
	title = {\url{random.org}},
	year = 1998,
},


@misc{ debian16APT,
	author = {Debian},
	title = {\href{https://wiki.debian.org/Apt}{Advanced Package Tool}},
	month = may,
	year = 2016
}

@misc{ yum16YUM,
	author = {YUM},
	title = {\href{http://yum.baseurl.org/}{Yellowdog Updater Modified}},
	month = may,
	year = 2016
}

@misc{ homebrew16BREW,
	author = {Max Howell},
	title = {\href{http://brew.sh/}{Homebrew -- The Missing Packet Manager for macOS}},
	month = may,
	year = 2016
}

@misc{ easyinstall16python,
	author = {Python Community},
	title = {\href{https://wiki.python.org/moin/EasyInstall}{EasyInstall Module}},
	month = may,
	year = 2016,	
}


% To fix POSITION
@misc{ keybase,
	key = {Keybase},
	title = {\href{https://keybase.io/}{Keybase -- Public Key Crypto for Everyone, Publicly Auditable Proofs of Identity}},
    year = {2016}
}

@misc{ sourceforge,
	author = {SourceFroge},
	key = {sourceforge},
	note = {\url{https://sourceforge.net/}}
}

@misc{ debian-snapshots,
	author = {Debian},
	key = {debian-snapshots},
	title = {\href{http://snapshot.debian.org/} {snapshot.debian.org}}
}

@misc{ ubuntu16repositories,
	author = {Canonical Ltd.},
	title = {\href{https://help.ubuntu.com/community/Repositories/Ubuntu}{Ubuntu Repositories}},
	month = sep,
	year = 2016
}

@misc{ debian16repository,
	author = {Debian},
	title = 
	{\href{https://wiki.debian.org/DebianRepository}{Debian Repository}},
	month = aug,
	year = 2016
}


@misc{ google16play,
	author = {Google Inc.},
	title = 
	{\href{https://play.google.com/store?hl=en}{Google Play}},
	month = sep,
	year = 2016
}

@misc{ windows16store,
	author = {Microsoft Inc.},
	title = 
	{\href{https://www.microsoft.com/en-us/store/apps/windows}{Windows Apps 
	- Microsoft Store}},
	month = sep,
	year = 2016
}

@misc{ python-pypi,
	author = {Python Community},
	title = {\href{https://pypi.python.org/pypi}{PyPI - the Python Package Index}},
	month = sep,
	year = 2016
}

@misc{ git-notes,
	key = {Gitnotes},
	title = {\href{https://git-scm.com/docs/git-notes}{Git-notes Documentation}},
	month = sep,
	year = 2016
}

@thesis{ fu05distribution,
	author={Fu, Kevin E.},
	title={\href{http://dspace.mit.edu/handle/1721.1/34464}{Integrity and 
	Access Control in Untrusted Content Distribution Networks}},
	school={Massachusetts Institute of Technology},
	year={2005}
}

@inproceedings{ palomar06p2p,
	author={Palomar, E. and Estevez-Tapiador, J.M. and Hernandez-Castro, J.C. 
	and Ribagorda, A.}, 
	title={\href{http://ieeexplore.ieee.org/lpdocs/epic03/wrapper.htm?arnumber=1698436}
	 {A Protocol for Secure Content Distribution in Pure P2P Networks}},
	booktitle={Proceeding of the 17th International Conference on Database and 
	Expert Systems Applications}, 
	year={2006}
}

@inproceedings{ alhamed13opensource,
	author = {Alhamed, Khalid and Silaghi, Marius C. and Hussien, Ihsan and 
	Yang, Yi},
	title = 
	{\href{http://citeseerx.ist.psu.edu/viewdoc/download?doi=10.1.1.381.4290&rep=rep1&type=pdf}
	 {Security by Decentralized Certification of Automatic-Updates for Open Source 
	Software controlled by Volunteers}},
	booktitle = {Workshop on Decentralized Coordination},
	year = {2013}
}

@inproceedings{ alhamed13stacking,
	author = {Alhamed, Khalid and Silaghi, Marius C. and Hussien, Ihsan and 
	Stansifer, Ryan and Yang, Yi},
	title = {\href{http://dx.doi.org/10.1109/WI-IAT.2013.123}{"Stacking the Deck" Attack on Software Updates: Solution by Distributed Recommendation of Testers}},
	booktitle = {Web Intelligence (WI) and Intelligent Agent Technologies (IAT) 2013},
	year = {2013}
}

@inproceedings{ alhamed13stackinglong,
	author = {Alhamed, Khalid and Silaghi, Marius C. and Hussien, Ihsan and 
	Stansifer, Ryan and Yang, Yi},
	title = {\href{http://dx.doi.org/10.1109/WI-IAT.2013.123}{"Stacking the Deck" 
	Attack on Software Updates: Solution by Distributed Recommendation of 
	Testers}},
	booktitle = {Proceedings of the 2013 IEEE/WIC/ACM International Joint 
	Conferences on Web Intelligence (WI) and Intelligent Agent Technologies (IAT) 
	- Volume 02},
	series = {WI-IAT '13},
	year = {2013},
	pages = {293--300},
	numpages = {8},
	publisher = {IEEE Computer Society},
}

@inproceedings{ barrera14baton,
	author = {Barrera, David and McCarney, Daniel and Clark, Jeremy and van 
	Oorschot, Paul C.},
	title = {\href{http://doi.acm.org/10.1145/2627393.2627397}{Baton: 
	Certificate Agility for Android's Decentralized Signing Infrastructure}},
	booktitle = {Proceedings of the 2014 ACM Conference on Security and Privacy 
	in Wireless \& Mobile Networks},
	series = {WiSec '14},
	year = {2014},
	location = {Oxford, United Kingdom},
	numpages = {12},
	publisher = {ACM},
	address = {New York, NY, USA},
}

@inproceedings{ barrera12meteor,
	title={\href{http://www.enck.org/pubs/most12.pdf}{Meteor: Seeding a 
	Security-Enhancing Infrastructure for Multi-market Application Ecosystems}},
	author={Barrera, David and Enck, William and van Oorschot, Paul C.},
	booktitle={Mobile Security Technologies 2012},
	year={2012},
	organization={IEEE}
}

@inproceedings{ zhou12droidranger,
	series = {CODASPY '12},
	title = 
	{\href{https://www.internetsociety.org/sites/default/files/07_5.pdf}{Hey, 
	{{You}},
	 {{Get Off}} of {{My Market}}: {{Detecting Repackaged 
	Smartphone Applications}} in {{Third}}-party {{Android Marketplaces}}}},
	booktitle = {Proceedings of the {{Second ACM Conference}} on {{Data}} and 
	{{Application Security}} and {{Privacy}}},
	publisher = {{ACM}},
	author = {Zhou, Wu and Zhou, Yajin and Jiang, Xuxian and Ning, Peng},
	year = {2012}
}

@inproceedings{ jarabek12thinav,
	author = {Jarabek, Chris and Barrera, David and Aycock, John},
	title = {\href{http://doi.acm.org/10.1145/2420950.2420983}{ThinAV: Truly 
	Lightweight Mobile Cloud-based Anti-malware}},
	booktitle = {Proceedings of the 28th Annual Computer Security Applications 
	Conference},
	series = {ACSAC '12},
	year = {2012},
	location = {Orlando, Florida, USA},
	numpages = {10},
	publisher = {ACM},
	address = {New York, NY, USA},
}

@article{ li06revere,
	author = {Li, Jun and Reiher, P. L. and Popek, G. J.},
	title = 
	{\href{http://ieeexplore.ieee.org/stamp/stamp.jsp?arnumber=1258125}{Resilient
	Self-organizing Overlay Networks for Security Update Delivery}},
	journal = {IEEE J.Sel. A. Commun.},
	issue_date = {September 2006},
	volume = {22},
	number = {1},
	month = sep,
	year = {2006},
	numpages = {14},
	publisher = {IEEE Press},
}

@inproceedings{ ambrosin14updaticator,
	author={Ambrosin, Moreno and Busold, Christoph
	and Conti, Mauro and Sadeghi, Ahmad-Reza and Schunter, Matthias},
	editor={Kuty{\l}owski, Miros{\l}aw and Vaidya, Jaideep},
	title={\href{http://www.schunter.org/blog/wp-content/uploads/2014/09/main.pdf}
	{Updaticator: Updating Billions of Devices by an Efficient, Scalable and Secure 
	Software Update Distribution over Untrusted Cache-enabled Networks}},
	booktitle={Computer Security - ESORICS 2014: 19th European Symposium on 
	Research in Computer Security, Proceedings, Part I},
	year= {2014}
}

@misc{ frields08fedora,
	title = {\href{https://www.redhat.com/archives/fedora-announce-list/2008-August/msg00012.html}{Infrastructure Report}},
	author = {{Frields, Paul W.}},
    month = aug,
    year = {2008}
}

@misc{ freebsd12incident,
	title = {\href{https://www.freebsd.org/news/2012-compromise.html}{Security 
	Incident on FreeBSD Infrastructure}},
	author = {{The FreeBSD Project}},
	month =nov,
	year={2012},
}

@misc{ quintin16canary,
	title = 
	{\href{https://www.eff.org/deeplinks/2016/05/canary-watch-one-year-later}{Canary
	 Watch – One Year Later}},
	author = {{Quintin, Cooper}},
	month = may,
	year = {2016},
}

@misc{ redhat08openssh,
	title = {\href{https://rhn.redhat.com/errata/RHSA-2008-0855.html} {Critical: OpenSSH Security Update}},
	author = {Red Hat},
	month = aug,
	year = {2008}
}

@misc{ zetter13flame,
	title = 
	{\href{https://www.wired.com/2013/03/flame-windows-update-copycat/} 
	{Flame {{Windows Update Attack Could Have Been Repeated}} in 3 
	{{Days}}, {{Says Microsoft}}}},
	journaltitle = {WIRED},
	author = {Zetter, Kim},
	month = mar,
	year = {2013}
}

@inproceedings{ soghoian11ssl,
	author = {Soghoian, Christopher and Stamm, Sid},
	title = {\href{https://s3.amazonaws.com/files.cloudprivacy.net/ssl-mitm.pdf}{Certified Lies: Detecting and Defeating Government Interception Attacks Against SSL}},
	booktitle = {Proceedings of the 15th International Conference on Financial Cryptography and Data Security},
	series = {FC'11},
	year = {2012},
	numpages = {10},
	publisher = {Springer-Verlag}
}

@misc{libreoffice,
	title = {\href{https://www.libreoffice.org/about-us/who-are-we/} {LibreOffice}},
	author = {The Document Foundation},
	month = sep,
	year = 2016
}

@misc{ gimp,
	author = {The GIMP Team},
	title = {\href{http://www.gimp.org/}{GNU Image Manipulation Program}},
	month = sep,
	year = 2016
}


@misc{string16introducing,
        title = {\href{http://string.technology/2016/09/14/threshold-relay-random-beacon.en/}{Intoducing Random Beascons Using Threshold Relay Chains}},
         author = {Timo Hanke and Dominic Williams},
         month= sep,
         year= 2016
}


@misc{scaling,
  title = {\href{https://en.bitcoin.it/wiki/Scalability}{Scalability}},
  author = {{Bitcoin Wiki}},
  url = {https://en.bitcoin.it/wiki/Scalability},
  year = {2016},
}

@misc{uport,
    title = "UPORT: A PLATFORM FOR SELF-SOVEREIGN IDENTITY",
    author = "Dr. Christian Lundkvist and Rouven Heck and  Joel Torstensson and Zac Mitton and Michael Sena",
    url = {\href{https://whitepaper.uport.me/uPort_whitepaper_DRAFT20170221.pdf}},
    year = "2017",
}

@misc{civic,
    title = "Civic",
    author = "Civic team",
    url = {\href{https://tokensale.civic.com/CivicTokenSaleWhitePaper.pdf}},
    year = "2017",
}

@misc{VISA,
  title = {\href{https://usa.visa.com/dam/VCOM/download/corporate/media/visa-fact-sheet-Jun2015.pdf}{Visa Inc. at a Glance}},
  author = {{Visa}},
  year = {2017},
}

@inproceedings{kokoris2016managing,
  title={{Managing identities using blockchains and CoSi}},
  author={Kokoris-Kogias, Lefteris and Gasser, Linus and Khoffi, Ismail and Jovanovic, Philipp and Gailly, Nicolas and Ford, Bryan},
  booktitle={9th Workshop on Hot Topics in Privacy Enhancing Technologies (HotPETs 2016)},
  year={2016}
}

@inproceedings{maesa2017blockchain,
  title={\href{https://scholar.googleusercontent.com/scholar.bib?q=info:9OGqDno-XxgJ:scholar.google.com/&output=citation&scisig=AAGBfm0AAAAAWvLFmOBeDy6bsqG1HLtJ9UOamXOaHd8B&scisf=4&ct=citation&cd=-1&hl=en}{Blockchain based access control}},
  author={Maesa, Damiano Di Francesco and Mori, Paolo and Ricci, Laura},
  booktitle={IFIP International Conference on Distributed Applications and Interoperable Systems},
  pages={206--220},
  year={2017},
  organization={Springer}
}

@article{ouaddah2016fairaccess,
  title={FairAccess: a new Blockchain-based access control framework for the Internet of Things},
  author={Ouaddah, Aafaf and Abou Elkalam, Anas and Ait Ouahman, Abdellah},
  journal={Security and Communication Networks},
  volume={9},
  number={18},
  pages={5943--5964},
  year={2016},
  publisher={Wiley Online Library}
}

@article{zyskind2015enigma,
  title={\href{https://arxiv.org/pdf/1506.03471.pdf}{Enigma: Decentralized computation platform with guaranteed privacy}},
  author={Zyskind, Guy and Nathan, Oz and Pentland, Alex},
  journal={arXiv preprint arXiv:1506.03471},
  year={2015}
}

@inproceedings{zyskind2015decentralizing,
  title={\href{https://ieeexplore.ieee.org/abstract/document/7163223/}{Decentralizing privacy: Using blockchain to protect personal data}},
  author={Zyskind, Guy and Nathan, Oz and others},
  booktitle={Security and Privacy Workshops (SPW), 2015 IEEE},
  pages={180--184},
  year={2015},
  organization={IEEE}
}

@article{xia2017bbds,
  title={BBDS: Blockchain-based data sharing for electronic medical records in cloud environments},
  author={Xia, Qi and Sifah, Emmanuel Boateng and Smahi, Abla and Amofa, Sandro and Zhang, Xiaosong},
  journal={Information},
  volume={8},
  number={2},
  pages={44},
  year={2017},
  publisher={Multidisciplinary Digital Publishing Institute}
}

@inproceedings{neisse2017blockchain,
  title={\href{https://scholar.googleusercontent.com/scholar.bib?q=info:kywG5E9XAn4J:scholar.google.com/&output=citation&scisig=AAGBfm0AAAAAWvLF7wUSaMoQQGWDZfAxB_86sCVMGCJ5&scisf=4&ct=citation&cd=-1&hl=en}{A Blockchain-based Approach for Data Accountability and Provenance Tracking}},
  author={Neisse, Ricardo and Steri, Gary and Nai-Fovino, Igor},
  booktitle={Proceedings of the 12th International Conference on Availability, Reliability and Security},
  pages={14},
  year={2017},
  organization={ACM}
}

@article{huang2017seshare,
  title={\href{https://onlinelibrary.wiley.com/doi/full/10.1002/cpe.4359}{SeShare: Secure cloud data sharing based on blockchain and public auditing}},
  author={Huang, Longxia and Zhang, Gongxuan and Yu, Shui and Fu, Anmin and Yearwood, John},
  journal={Concurrency and Computation: Practice and Experience},
  publisher={Wiley Online Library}
}




